3042 5034
532 499 657 564 104
1049 513 1364 563 HALMOTA
1393 513 1760 562 rmonuus
1789 512 2270 562 omnmsm.
2627 503 2661 562 1
2677 502 2721 561 3
2735 499 2851 563 71.

524 677 790 737 teneant
817 672 881 737 16
911 672 1189 756 Denys
1168 693 1240 736 m
1284 671 1510 736 freth-
1545 671 1777 755 -quod
1806 671 2074 735 videant
2100 671 2380 736 rivolum
2408 691 2597 755 aquae
2639 672 2844 737 inter

524 760 770 824 Est-M'
822 765 889 824 et
948 758 1398 843 Wyndelsdon
1457 758 1599 842 [the
1656 758 2076 842 boundary]-
2109 758 2560 842 -juratoribus
2610 759 2836 824 istius

523 846 702 911 villae
730 846 906 931 quod
932 846 1201 911 videant
1228 845 1446 910 omnia
1474 852 1676 910 terras
1707 851 1774 909 et
1808 846 2227 910 tenemento.
2205 867 2279 909 m
2307 866 2506 909 manu
2536 845 2834 910 Domini

526 938 593 997 et
621 939 1017 1017 praesentant
1042 932 1179 1016 [sic]
1198 932 1280 997 ad
1298 932 1475 1016 prox’
1495 939 1563 996 et
1592 933 1740 1015 quis
1763 932 2009 1016 recepit
2028 932 2342 997 commod'
2362 939 2657 1015 tempore
2681 954 2830 1016 quo

524 1020 711 1086 stetit
759 1021 832 1084 in
881 1040 1081 1084 manu
1130 1019 1455 1083 Domini·
1487 1019 1919 1083 -tenentibus
1968 1019 2145 1083 villae
2189 1019 2364 1102 quod
2413 1019 2661 1083 faciant
2717 1020 2822 1085 168

522 1106 895 1191 lonynges-
928 1106 1158 1190 -[f0ur
1199 1125 1350 1171 men
1379 1125 1496 1187 say
1527 1126 1612 1170 οιι
1653 1105 1806 1169 oath
1835 1105 1981 1169 that
2010 1126 2080 1170 88
2125 1112 2194 1169 to
2189 1041 2370 1170 qfour
2409 1105 2824 1171 freeholdera

521 1194 859 1276 “quilibet
901 1213 1124 1257 eorum
1166 1192 1365 1257 faciet
1393 1192 1473 1257 de
1512 1192 1610 1257 les
1651 1191 1961 1276 loninge?
1992 1191 2120 1256 and
2164 1212 2236 1256 as
2265 1198 2394 1256 to‘
2397 1193 2683 1258 ‘fossata
2729 1194 2822 1259 de

524 1279 985 1364 BischoplaW,”
1028 1279 1213 1344 three
1260 1300 1412 1343 men
1457 1279 1627 1343 shall
1675 1277 1876 1342 make‘
1921 1283 2043 1342 100
2089 1279 2222 1344 feet
2272 1279 2448 1356 each,
2491 1280 2625 1343 and
2678 1281 2817 1346 five

522 1365 741 1430 others
788 1371 869 1430 50
897 1366 1030 1430 feet
1059 1365 1218 1430 each
1245 1366 1317 1429 in
1361 1365 1609 1449 length,
1637 1372 1672 1397 “
1696 1366 1754 1430 81
1796 1366 2017 1448 aliqua
2060 1367 2276 1430 averia
2305 1366 2589 1430 habeant
2631 1367 2818 1431 infra

520 1457 853 1536 pasturam
910 1452 989 1517 de
1046 1453 1307 1517 Est-M’.
1425 1453 1514 1518 Et
1572 1451 1780 1516 eciam
1832 1451 2202 1516 Willelmus
2261 1452 2344 1518 de
2403 1453 2815 1538 Meryngton

522 1539 796 1624 faciet.’']
821 1574 911 1586 —
932 1540 1253 1604 Robertus
1326 1538 1565 1623 Smyth
1595 1576 1620 1586 -
1652 1576 1678 1587 -
1710 1540 1772 1622 vj
1835 1558 2014 1603 acras
2073 1546 2262 1604 terrae
2333 1540 2664 1623 quondam
2735 1543 2812 1605 1ιι

517 1634 752 1692 tenura
802 1628 848 1693 J
851 1626 1127 1691 ohannis
1175 1627 1374 1692 Pate:
1446 1625 1720 1690 habend.
1775 1633 1843 1690 et
1899 1625 2159 1690 tenend.
2220 1626 2304 1690 ad
2367 1633 2549 1691 term.
2598 1629 2808 1692 trium

520 1734 873 1779 annorum:
925 1713 1096 1779 redd.
1128 1733 1187 1797 p.
1219 1734 1273 1778 a.
1308 1718 1434 1778 88.:
1484 1712 1746 1777 invenit
1786 1711 1834 1795 ij
1883 1732 2064 1779 acras
2107 1713 2306 1777 unius
2351 1733 2605 1791 arrurae,
2630 1735 2808 1798 prec.

522 1821 686 1866 acrae
720 1807 749 1864 l
762 1801 861 1865 2d.

608 1887 1219 1953 ΝΕσΤοΝ-ΚΕἹῪΟΝ.
1307 1885 1632 1951 Walterus
1677 1885 1978 1969 Bisshop‚
2014 1885 2326 1951 Ricardus
2358 1886 2465 1951 del
2512 1886 2809 1966 Neuton,

518 1974 891 2040 Willelmus
941 1974 1176 2038 Fouler
1218 1974 1343 2058 J'ur.
1366 2007 1456 2019 —
1477 1973 1582 2057 Inj
1590 1980 1860 2037 unctum
1904 1979 2005 2037 est
2047 1973 2324 2038 Ricardo
2377 1974 2484 2038 del
2529 1975 2811 2040 Neuton

519 2062 693 2144 quod
736 2060 1018 2145 reparari
1061 2060 1259 2125 faciat
1300 2065 1674 2125 tenementa
1723 2079 1844 2124 sua
1886 2059 2049 2125 citra
2096 2060 2336 2124 festum
2389 2061 2451 2126 S.
2505 2062 2808 2140 Martini,

518 2148 642 2211 sub
693 2168 887 2230 poena
934 2147 1079 2210 40d.
1103 2181 1190 2192 —
1209 2146 1524 2211 Dimissio
1568 2146 1864 2211 molend’.
1951 2145 2328 2212 willelmus
2379 2147 2808 2232 Graynpayn’

516 2239 585 2298 et
614 2233 983 2298 Willelmus
1016 2232 1260 2297 Milner
1287 2233 1367 2298 de
1399 2233 1706 2298 Blacwell
1735 2240 2045 2316 ceperunt
2084 2232 2360 2298 molend'
2391 2233 2471 2299 de
2502 2235 2808 2301 Kettun:

516 2320 787 2384 habend.
812 2320 896 2383 ad
923 2319 1164 2383 festum
1195 2320 1378 2385 Pent.
1410 2336 1535 2384 ΑΛ).
1568 2325 1685 2385 etc.
1714 2319 1852 2403 lxxj
1887 2340 2001 2403 per
2029 2327 2160 2384 tres
2190 2340 2394 2385 annos
2418 2328 2807 2404 sequentae:

517 2406 890 2489 incipiendo
947 2405 1196 2471 solvere
1255 2406 1337 2469 ad
1394 2406 1635 2471 festum
1695 2407 1755 2472 S.
1817 2406 2093 2472 Martini
2123 2427 2325 2507 prox.
2377 2407 2675 2472 futurum
2735 2416 2810 2474 et

516 2493 789 2558 reddent
831 2513 890 2576 p.
923 2512 975 2556 a.
1012 2497 1143 2556 268.
1177 2492 1314 2557 8d.:
1360 2497 1426 2556 et
1453 2494 1700 2558 facient
1743 2493 1814 2556 in
1857 2493 2267 2577 reparacione
2297 2494 2574 2559 molend’
2622 2498 2809 2579 quod

516 2579 600 2643 ad
643 2580 876 2643 firmar'
920 2580 1240 2664 pertinet:
1291 2579 1457 2664 pleg.
1497 2582 1545 2646 J
1548 2581 1832 2645 ohannes
1873 2580 1953 2645 (16
1997 2580 2360 2646 Hessewell
2402 2580 2484 2645 de
2529 2583 2808 2647 Bul-don

378 2705 387 2710 .
520 2672 588 2733 et
618 2666 875 2751 [blank]

601 2754 846 2818 AGLEY.
957 2754 1339 2837 Injunctum
1397 2758 1498 2818 est
1570 2753 1871 2819 omnibus
1942 2753 2319 2819 tenentibus
2376 2753 2556 2818 villae
2625 2702 2806 2841 quod

513 2842 796 2925 reparari
851 2841 1097 2905 faciant
1156 2860 1566 2906 communem
1622 2840 1882 2906 faldam.
1912 2879 2001 2892 —
2029 2840 2274 2907 Nullus
2339 2861 2564 2906 eorum
2625 2846 2805 2908 succ'

514 2929 609 2993 les
638 2928 828 2994 balks
859 2935 925 2993 et
953 2928 1208 3012 herbag’
1238 2927 1494 2991 vendat.

601 3017 903 3080 BURDON.
1009 3014 1382 3079 Wisselmus
1442 3012 1813 3097 Grainpaye
1872 3019 1939 3078 et
1989 3013 2357 3079 Wsslelmus
2418 3014 2667 3080 Milner
2715 3017 2802 3082 de

515 3101 837 3167 Blakwell
867 3139 895 3152 -
924 3139 952 3150 -
981 3101 1258 3166 molend'
1291 3100 1371 3165 de
1393 3100 1658 3166 Bul-don
1689 3138 1714 3149 -
1746 3138 1772 3149 -
1804 3100 1888 3165 ad
1916 3107 2098 3166 term.
2130 3101 2330 3165 trium
2359 3122 2681 3167 annorum
2710 3141 2738 3152 -
2771 3143 2798 3153 —

512 3210 572 3273 p.
622 3210 676 3254 a.
728 3194 860 3253 538.
904 3188 1004 3252 4(1.
1037 3225 1062 3236 -
1094 3225 1227 3237 --
1248 3188 1352 3251 De
1399 3186 1693 3252 Galfrido
1742 3187 1822 3251 de
1874 3188 2166 3252 Kellawe
2212 3208 2328 3271 pro
2372 3198 2801 3272 purprestura

511 3277 683 3340 facta
710 3274 886 3358 apud
907 3275 1085 3338 viam
1112 3294 1258 3358 quae
1281 3273 1461 3338 ducit
1482 3274 1565 3338 ad
1593 3274 1871 3338 molend’
1893 3275 2057 3358 iiij*
2086 3275 2229 3358 ped'
2254 3281 2321 3339 et
2347 3275 2422 3338 in
2441 3274 2798 3342 latitudine

511 3362 558 3446 ij
592 3361 754 3445 ped',
784 3365 853 3424 et
881 3360 953 3423 in
984 3360 1111 3423 alio
1140 3360 1284 3425 loco
1312 3361 1385 3423 in
1413 3360 1826 3445 longitudine
1853 3361 1927 3424 lx
1954 3361 2150 3444 pedes
2183 3361 2320 3445 [sio]
2355 3361 2454 3426 δᾶ.

600 3448 1060 3511 BmLYNGnAM.
1123 3446 1226 3530 Inj
1235 3454 1501 3511 unctum
1521 3455 1622 3512 est
1647 3448 2033 3532 [“omnibus,
2054 3449 2221 3532 Agn'
2233 3448 2267 3473 '’
2289 3449 2426 3512 both
2440 3450 2654 3513 struck
2669 3459 2796 3528 out,

507 3543 542 3569 “
561 3533 967 3619 Margareta”
1011 3534 1377 3618 interlimd]
1425 3534 1534 3599 (161
1578 3535 1809 3618 Brigge
1840 3535 2014 3618 quod
2057 3555 2190 3599 non
2231 3540 2404 3599 emat
2447 3535 2795 3601 cervisiam

505 3629 690 3689 extra
716 3621 944 3686 villam
985 3620 1068 3685 ad
1096 3619 1512 3686 vendendum
1541 3620 1622 3686 de
1652 3628 1878 3686 cetere.
1909 3658 1938 3670 -
1969 3658 1995 3670 -
2026 3621 2354 3686 Henricus
2383 3622 2560 3686 filius
2588 3623 2795 3688 Alani

504 3711 689 3776 venit
716 3714 783 3776 et
812 3710 988 3793 cepit
1017 3728 1223 3772 unum
1252 3707 1647 3792 bondagium
1689 3728 1841 3771 cum
1870 3707 2067 3772 stuffo
2097 3715 2164 3772 et
2192 3730 2238 3772 x
2267 3728 2447 3773 acras
2491 3716 2682 3774 terrae
2711 3710 2792 3775 de

506 3798 849 3863 dominicis
908 3816 1053 3880 quae
1105 3796 1191 3860 Ι8’
1244 3794 1351 3859 (161
1411 3793 1630 3859 Halm’
1682 3815 1889 3878 nuper
1944 3815 2109 3859 uxor
2164 3795 2460 3879 praedicti
2513 3796 2790 3862 Henrici

505 3884 809 3968 [tenuit]:
858 3883 1130 3948 habend.
1165 3920 1191 3931 -
1224 3920 1249 3930 -
1280 3881 1362 3946 ad
1403 3886 1588 3946 term.
1633 3880 1788 3946 vitae
1832 3902 2003 3946 suae:
2055 3881 2229 3946 redd.
2263 3919 2288 3930 -
2320 3919 2346 3930 -
2386 3889 2582 3965 prout
2625 3904 2789 3966 prae-

505 3970 679 4035 dicta
709 3969 989 4034 Isabella
1017 3971 1257 4053 prius·
1288 3968 1603 4033 -invenit
1631 3967 1750 4051 xiij
1784 3988 1964 4032 acras
2007 3968 2205 4034 unius
2234 3989 2469 4034 arrurae
2497 3989 2662 4053 quas
2693 3971 2788 4035 sic

589 4143 1029 4208 Womms‘ron.
1117 4142 1394 4206 Th0mas
1422 4141 1599 4206 filius
1634 4140 1948 4205 willelmi
1978 4141 2467 4208 Fair-Jonson-
2496 4143 2678 4225 -jur.
2700 4182 2789 4193 —

454 4251 461 4258 ·
500 4269 589 4280 —
609 4230 657 4295 J
658 4229 830 4294 urat1
886 4233 1280 4312 praesentant
1336 4229 1510 4311 quod
1570 4227 1940 4293 Willelmus
2000 4228 2175 4294 filius
2234 4229 2562 4294 Johannis
2621 4230 2790 4294 obiit

499 4318 737 4383 sesitus
778 4317 851 4381 iu
880 4315 1203 4380 dominico
1248 4334 1364 4379 suo
1409 4315 1490 4379 de
1535 4314 1724 4379 feodo
1767 4315 1848 4380 de
1892 4315 1982 4398 vij
2016 4316 2179 4380 acris
2222 4323 2410 4381 terroe
2452 4320 2519 4380 et
2555 4316 2584 4399 J‘
2631 4317 2790 4381 roda

499 4425 648 4468 cum
697 4409 857 4488 pert.
906 4403 977 4464 in
1037 4401 1418 4464 Wolueston
1469 4420 1616 4483 quae
1660 4400 1885 4465 valent
1927 4422 1987 4485 p.
2042 4422 2096 4465 a.
2148 4408 2236 4466 38.
2293 4402 2393 4466 6(1.
2440 4403 2537 4466 ob.
2584 4409 2653 4467 et
2698 4403 2787 4468 Is'

497 4496 703 4555 mater
772 4487 1065 4574 praedicti
1123 4486 1493 4550 Willelmus
1552 4507 1749 4568 quam
1806 4487 2125 4552 Willelmi
2200 4489 2517 4572 Selgaunt
2591 4489 2786 4554 duxit
