3042 5034
557 531 641 591 86
1076 540 1397 591 maora
1426 539 1792 590 Pmomrus
1822 536 2308 588 nmmnnffls.
2658 524 2691 583 1
2705 522 2852 584 369.

555 698 818 764 Ricardi
859 704 928 766 et
954 698 1233 764 Thomas
1264 699 1403 784 [sio]
1450 698 1533 763 de
1576 645 2186 783 Goldynghingham
2225 694 2339 780 [ad
2379 691 2851 779 reparandum]

555 807 765 851 unum
791 791 1232 852 tenementum
1256 806 1374 870 pro
1394 805 1574 850 mora
1593 785 1789 849 unius
1810 783 2136 849 husbandi
2163 783 2326 847 citra
2345 782 2522 866 prox’
2554 781 2695 845 cur'
2727 780 2852 843 sub

555 872 642 937 di.
664 894 910 939 marcae.
927 908 1018 921 —
1032 875 1136 938 De
1156 873 1443 938 Henrico
1464 872 1600 937 filio
1623 871 1883 937 Ricardi
1905 878 1973 937 et
2000 870 2247 935 Thoma
2273 869 2355 934 de
2378 866 2853 953 Coldinghing-

554 959 711 1024 ham
753 961 1204 1026 executoribus
1248 959 1621 1025 testamenti
1665 958 1901 1023 Isoldae
1942 978 2087 1042 quse
2135 956 2265 1020 fuit
2305 975 2474 1020 uxor
2517 954 2852 1021 ‚Iohannis

558 1046 788 1112 Rauen
814 1068 930 1132 pro
953 1048 1140 1125 blad’,
1162 1046 1284 1112 viz.
1308 1047 1516 1123 ordeo,
1538 1045 1657 1129 pis’
1680 1054 1748 1109 et
1776 1044 1957 1109 aven'
1960 1042 2433 1130 ‚manuoperat'
2458 1047 2526 1107 et
2546 1038 2850 1106 seminat’

559 1152 676 1216 per
702 1135 748 1200 J
753 1135 1073 1199 ohannem
1115 1135 1345 1198 Rauen
1387 1139 1456 1197 et
1480 1153 1598 1217 per
1625 1138 1996 1196 executores
2032 1129 2272 1194 detent'
2301 1125 2394 1193 ad
2413 1129 2678 1212 dampn’
2713 1132 2850 1190 60s.

562 1220 737 1283 unde
785 1221 961 1285 idem
1011 1221 1057 1286 J
1060 1219 1346 1284 ohannes
1396 1220 1625 1283 Rauen
1675 1218 2034 1283 satisfaciat
2076 1215 2363 1280 Domino
2411 1214 2494 1279 de
2539 1215 2734 1278 firma
2783 1217 2854 1277 et

528 1306 767 1383 ⁴eciam
815 1306 1140 1390 praedictis
1184 1306 1631 1370 executoribus
1682 1305 1764 1369 de
1808 1304 2017 1370 bladis
2060 1324 2176 1387 per
2216 1303 2392 1386 ipsos
2438 1322 2635 1385 super
2683 1320 2850 1385 prae-

560 1391 805 1456 dictam
839 1399 1074 1457 terram
1115 1392 1447 1457 seminatis
1488 1396 1684 1477 prout
1722 1397 2123 1475 compertum
2165 1396 2266 1453 est
2298 1409 2414 1472 per
2445 1389 2597 1472 jur’,
2627 1388 2794 1452 ed.-
3031 1407 3032 1446 1

562 1477 937 1544 Willelmus
982 1478 1148 1544 Ooik
1190 1480 1365 1561 cepit
1393 1499 1602 1544 unum
1644 1478 1901 1555 toftum,
1929 1497 2136 1541 unum
2178 1475 2500 1559 cotagium
2529 1480 2600 1539 et
2640 1472 2850 1556 xxxvj
2899 1533 2904 1538 ,

560 1585 740 1630 acras
770 1571 954 1631 terrae
982 1573 1049 1631 et
1077 1565 1162 1630 di.
1191 1565 1475 1630 ultimo
1454 1586 1528 1630 ιιι
1555 1570 1788 1630 tenura
1815 1564 2137 1631 Johannis
2165 1564 2393 1627 Rauen
2421 1561 2504 1626 de
2532 1562 2850 1645 capcione

561 1652 800 1718 Isoldae
830 1652 1157 1738 quondam
1200 1653 1421 1717 uxoris
1451 1651 1746 1736 praedicti
1773 1650 2136 1717 Johannis:
2181 1648 2459 1713 habend'
2488 1655 2557 1712 et
2586 1646 2851 1712 tenend’

562 1741 647 1805 ad
676 1747 857 1806 term.
890 1741 1045 1805 vitae
1074 1759 1243 1805 suae:
1286 1738 1461 1803 redd.
1490 1758 1608 1823 pro
1637 1738 1864 1823 primis
1892 1738 2103 1801 tribus
2132 1736 2321 1800 annis
2353 1734 2650 1835 quolibet
2678 1752 2852 1798 anno
2985 1745 2994 1750 ·

565 1833 701 1893 33s.
757 1828 858 1893 4cL
903 1827 986 1892 ad
1036 1825 1426 1892 scaccarium
1474 1825 1714 1890 Prioris
1757 1831 1826 1890 et
1880 1824 1980 1889 δᾶ.
2032 1823 2116 1888 ad
2160 1823 2523 1887 manerium
2573 1821 2658 1886 de
2709 1820 2849 1885 Pit-

562 1914 843 1998 tington,
871 1919 939 1979 et
965 1919 1192 1998 postea
1218 1912 1508 1996 quolibet
1550 1932 1720 1977 anno
1753 1917 1886 1976 40s.
1973 1911 2063 1974 Et
2098 1909 2444 1993 praedictus
2473 1908 2851 1972 willelmus

563 2002 948 2101 praedictum
968 2000 1292 2084 cotagium
1312 1999 1636 2084 reparabit
1657 1997 1785 2063 de
1765 2000 1813 2082 1j
1846 1997 2089 2081 coplles
2110 1996 2223 2061 des
2252 1995 2406 2061 siles
2428 2000 2496 2059 et
2523 1995 2852 2059 Dominus

564 2088 858 2152 inveniet
884 2087 1013 2151 sibi
1037 2106 1331 2170 grossum
1359 2086 1795 2150 meremium-
1826 2085 1970 2149 -Et
1997 2083 2110 2149 dat
2138 2103 2255 2183 pro
2281 2103 2423 2167 gres
2425 2082 2525 2146 ”m
2526 2102 2567 2145 a
2604 2081 2745 2145 12d.

653 2174 950 2237 Damon.
1040 2172 1423 2273 Injunctum
1469 2179 1572 2238 est
1620 2171 1921 2237 omnibus
1971 2168 2344 2235 tenentibus
2393 2168 2573 2233 villae
2619 2167 2852 2252 nequis

566 2280 788 2324 eorum
831 2265 1005 2324 emat
1046 2259 1384 2324 cervisiam
1425 2265 1611 2324 extra
1646 2258 1873 2323 villam
1914 2257 1997 2322 ad
2034 2255 2351 2321 vendend’
2395 2256 2536 2320 sine
2577 2254 2855 2320 licencia

567 2346 693 2410 brs’
746 2346 868 2410 sub
918 2363 1112 2428 poena
1157 2345 1301 2410 40d.
1348 2346 1478 2410 nisi
1519 2345 1835 2411 brasiator
1875 2343 2213 2410 cervisiam
2251 2363 2384 2407 non
2424 2342 2730 2407 habuerit
2773 2340 2856 2406 ad

567 2432 900 2584 veiaezrgss'.
898 2521 1341 2585 Μιιιιιιιαιοιι.
1509 2519 1797 2584 -Οιιιιιι
1852 2532 2095 2582 nsum
2131 2531 2455 2580 mnino
2515 2532 2604 2579 nn
2664 2515 2853 2580 Mna-

568 2620 854 2671 YNGTON.
942 2607 1261 2672 Robertus
1304 2605 1480 2670 filius
1522 2604 1785 2670 Thomae
1810 2611 1992 2669 tenet
2026 2606 2055 2688 j
2088 2604 2413 2688 cotagium
2447 2603 2476 2687 j
2509 2622 2730 2667 acram
2772 2601 2855 2667 di.

571 2779 711 2844 dies
741 2781 881 2846 sine
911 2781 1071 2846 cibo.
1161 2780 1393 2866 [Three
1435 2778 1623 2844 other
1662 2783 1925 2843 tenants
1969 2776 2203 2842 named
2230 2776 2377 2841 who
2407 2776 2491 2841 do
2533 2775 2650 2841 the
2679 2795 2858 2840 same

572 2867 801 2933 works.
889 2867 1139 2934 There
1120 2890 1177 2933 ι8
1208 2888 1248 2932 a
1276 2866 1495 2932 screed
1522 2865 1598 2930 of
1628 2865 2012 2949 parchment
2038 2863 2321 2928 inserted
2361 2863 2433 2927 in
2461 2861 2576 2927 the
2604 2863 2858 2949 margin

574 2953 645 3018 of
669 2955 783 3020 the
811 2954 936 3019 roll
964 2955 1258 3041 opposite
1284 2953 1420 3018 this
1448 2958 1640 3037 entry
1667 2972 1738 3016 as
1768 2972 1809 3015 a
1836 2951 2136 3035 marken]

662 3042 860 3107 FERY.
971 3043 1454 3108 lucrementum
1502 3039 1796 3104 redditus
1846 3043 1934 3103 38.
1990 3036 2090 3103 ed.
2177 3035 2482 3103 sMatilda
2533 3056 2684 3136 quse
2733 3036 2861 3100 fuit

574 3148 740 3193 uxor
784 3130 832 3194 J
833 3128 1107 3194 ohannis
1159 3129 1419 3194 Simson
1468 3127 1644 3210 cepit
1690 3145 1898 3190 unum
1955 3129 2397 3189 tenementum
2441 3127 2510 3188 et
2559 3124 2634 3186 ix
2684 3142 2865 3188 acras

574 3219 763 3278 terrae
791 3236 938 3299 quae
967 3214 1292 3299 quondam
1336 3214 1604 3278 fuerunt
1630 3213 1679 3279 ,J
1680 3211 1957 3278 ohannis
1999 3210 2201 3276 Hodd
2228 3216 2297 3276 et
2324 3230 2470 3294 quae
2496 3208 2582 3274 ad
2623 3230 2861 3274 manus

577 3300 819 3365 Prioris
861 3307 1181 3367 venerunt
1223 3321 1299 3366 eo
1341 3300 1515 3384 quod
1558 3299 1926 3383 praedictus
1949 3298 1998 3364 ,J
1999 3297 2284 3362 ohannes
2326 3296 2544 3361 tenuit
2588 3302 2658 3361 et
2701 3296 2864 3361 obiit

577 3386 722 3451 sine
749 3379 1018 3452 haered':
1059 3386 1333 3452 habend’
1375 3394 1446 3451 et
1485 3387 1619 3451 ten’
1650 3386 1733 3451 ad
1774 3389 1957 3450 term.
1987 3386 2055 3468 vj
2098 3404 2456 3448 annorum:
2502 3382 2681 3448 redd.
2712 3404 2774 3468 p.
2807 3403 2863 3448 a

441 3490 444 3494 ’
579 3473 898 3538 scaccario
941 3472 1180 3538 Prioris
1228 3478 1315 3539 58.
1355 3472 1455 3537 δᾶ.
1497 3494 1644 3557 quae
1673 3471 1854 3557 prius
1897 3471 2246 3537 reddemnt
2291 3476 2420 3535 28..
2477 3475 2547 3534 et
2588 3469 2863 3535 faciend’

580 3579 774 3644 opera
816 3559 1037 3627 debita
1078 3561 1363 3624 manerio
1407 3559 1489 3624 de
1532 3559 1735 3644 Fery.
1791 3557 2162 3643 incipiendo
2204 3556 2453 3623 solvere
2494 3557 2579 3621 ad
2621 3557 2864 3622 festum

580 3647 768 3713 Pent’
819 3649 997 3733 prox'
1050 3647 1360 3713 futurum„
1466 3646 1643 3731 Pleg'
1694 3646 1777 3710 de
1819 3644 2005 3709 firma
2048 3650 2116 3709 et
2165 3644 2466 3709 omnibus
2516 3643 2668 3709 aliis
2720 3663 2865 3728 quse

580 3735 969 3801 incumbunt
1005 3735 1053 3801 J
1053 3735 1338 3800 ohannes
1382 3733 1465 3798 de
1491 3733 1864 3798 Bicheburn
1906 3737 1975 3798 et
2001 3730 2339 3798 Willelmo
2366 3730 2501 3795 filio
2546 3730 2866 3816 Hugonis.

640 3824 812 3973 -Βεῗ
831 3822 1113 3889 Matilda
1153 3841 1301 3908 quae
1326 3819 1459 3885 fuit
1497 3840 1665 3884 uxor
1704 3818 2029 3886 Johannis
2073 3818 2332 3883 Simson
2373 3838 2493 3902 pro
2535 3818 2864 3883 mercheto

585 3914 677 3973 68.
711 3915 750 3973 8

668 3994 833 4059 Esr-
836 3995 1282 4060 MERYNGTON.
1370 3993 1474 4059 De
1503 3991 1785 4058 Roberto
1826 3990 1964 4056 filio
1992 3990 2257 4057 Ricardi
2298 4009 2417 4075 pro
2445 3990 2656 4073 spinis
2699 3990 2869 4055 infra

581 4087 842 4144 vastum
860 4080 1131 4145 Domini
1147 4080 1412 4146 succisis
1429 4080 1572 4146 sine
1589 4078 1860 4144 licencia
1875 4078 2149 4143 Domini
2164 4077 2297 4163 [ed.
2316 4077 2539 4142 struck
2557 4077 2865 4176 through]

590 4171 619 4230 1
634 4165 733 4230 2d.
822 4166 1203 4250 Injunctum
1253 4172 1353 4231 est
1402 4167 1704 4231 omnibus
1753 4165 2132 4231 tenentibus
2181 4164 2360 4229 villae
2402 4163 2577 4248 quod
2635 4164 2865 4249 nequis

581 4273 805 4318 eorum
857 4251 1135 4318 succidit
1186 4252 1324 4338 [sio]
1378 4254 1599 4338 spinas
1647 4251 1820 4317 infra
1869 4272 2056 4336 camp
2058 4273 2186 4318 ιιιιι.
2210 4285 2301 4299 -
2321 4250 2727 4334 Praeceptum
2772 4256 2867 4316 est

583 4341 633 4406 J
634 4339 876 4405 ohanm
902 4339 1197 4424 Wigeros
1224 4339 1400 4423 quod
1428 4340 1549 4405 dis’
1577 4340 1811 4405 liberos
1840 4344 2137 4405 tenentes
2176 4338 2258 4403 de
2285 4337 2456 4422 Fery
2481 4337 2568 4402 ad
2595 4337 2864 4402 faciend’

582 4426 878 4492 molend’.
902 4461 991 4473 —
1012 4426 1394 4509 Injunctum
1444 4433 1547 4491 est
1590 4426 1892 4490 omnibus
1936 4426 2314 4490 tenentibus
2365 4424 2541 4508 quod
2583 4423 2864 4490 habeant

570 2698 757 2758 terrae
784 2714 902 2776 pro
941 2695 1178 2778 quibus
1207 2693 1399 2758 debet
1425 2698 1668 2757 metere
1696 2713 1846 2756 cum
1890 2691 2033 2756 cibo
2061 2711 2177 2775 per
2218 2690 2314 2774 iiij
2347 2690 2483 2754 dies
2513 2688 2623 2753 vel
2662 2710 2782 2774 per
2806 2688 2851 2771 ij

583 4533 790 4579 unum
817 4532 1226 4580 communem
1254 4532 1619 4578 messorem.
1640 4547 1727 4561 —
1752 4512 2135 4596 Injunctum
2164 4519 2266 4577 est
2309 4511 2617 4577 omnibus
2647 4517 2863 4577 tenen-
