3042 5034
605 516 641 573 6
1130 521 1445 571 HALMOTA
1475 521 1840 570 PRIORATUS
1870 521 2009 571 DUN
2012 521 2232 570 ELMEN
2235 521 2346 570 818.
2691 509 2722 566 l
2739 510 2776 566 2
2788 508 2822 566 9
2831 509 2892 567 6.

607 681 705 746 6d.
731 718 814 731 —
839 682 1171 746 Gilbertus
1215 680 1387 745 filius
1429 681 1476 746 J
1480 679 1752 744 ohannis
1796 680 1970 762 cepit
2012 680 2334 764 cotagium
2379 678 2555 762 quod
2597 676 2890 741 Thomas

602 769 807 832 Faber
834 769 1065 844 tenuit,
1107 766 1399 832 faciendo
1444 766 1714 830 servicia
1756 773 2077 830 consueta.
2100 805 2188 815 —
2211 765 2467 830 Isabell'
2511 765 2591 829 de
2637 763 2893 828 Holme

602 855 775 938 cepit
797 856 1118 940 cotagium
1159 854 1331 938 quod
1360 853 1459 917 vir
1489 873 1646 917 suus
1675 853 1905 929 tenuit,
1933 852 2225 916 faciendo
2255 851 2527 916 servicia
2555 856 2890 914 consueta.

602 977 690 990 —
711 941 879 1026 Agn’
923 941 1146 1006 relicta
1191 939 1490 1023 Hugonis
1544 941 1743 1003 Ferur
1793 940 1967 1022 cepit.
2008 940 2247 1003 toftum
2291 946 2358 1004 et
2400 944 2640 1002 terram
2684 957 2892 1020 quam

604 1027 799 1112 Hugo
829 1028 931 1092 vir
958 1048 1114 1092 suus
1144 1027 1373 1103 tenuit,
1400 1026 1576 1091 redd.
1606 1047 1667 1109 p.
1700 1046 1751 1089 a.
1792 1031 1940 1102 l2s.,
1970 1032 2037 1091 et
2079 1025 2372 1090 faciendo
2414 1024 2689 1089 servicia
2731 1043 2892 1087 con-

603 1121 800 1179 sueta
824 1151 914 1163 —
934 1114 1146 1179 Adam
1204 1112 1538 1177 Bercarius
1598 1113 1754 1195 quia
1810 1112 2108 1177 vendidit
2162 1113 2388 1176 fimum
2447 1131 2639 1176 suum
2699 1116 2894 1174 extra

601 1201 879 1278 feodum,
914 1201 1011 1265 6d.

688 1288 931 1351 Aoum.
1006 1287 1484 1351 Incrementum
1520 1285 1619 1349 6d.
1693 1285 1907 1350 Alicia
1934 1285 2157 1350 relicta
2185 1287 2232 1350 J
2234 1285 2507 1349 ohannis
2536 1284 2678 1347 For’
2707 1282 2888 1366 cepit

602 1374 843 1437 toftum
874 1373 1047 1457 quod
1090 1372 1192 1436 vir
1241 1393 1396 1437 suus
1447 1372 1680 1450 tenuit,
1729 1372 1901 1436 redd.
1948 1393 2007 1455 p.
2053 1392 2106 1436 a.
2157 1378 2244 1436 2s.
2267 1370 2616 1435 —Eadem
2668 1369 2888 1433 Alicia

605 1460 780 1544 cepit
834 1464 964 1524 tres
1022 1479 1201 1524 acras
1262 1459 1341 1524 de
1398 1465 1569 1523 terra
1625 1479 1823 1542 quam
1887 1459 1989 1522 vir
2052 1479 2208 1523 suus
2273 1459 2487 1523 tenuit
2551 1456 2636 1521 ad
2695 1462 2882 1520 term.

606 1566 839 1612 novem
886 1566 1220 1623 annorum,
1263 1545 1435 1610 redd.
1477 1566 1537 1629 p.
1570 1565 1623 1608 a.
1668 1550 1775 1623 3s.‚
1818 1550 1884 1608 et
1931 1543 2139 1610 solvet
2180 1545 2453 1629 primam
2495 1544 2752 1607 firmam
2799 1543 2886 1606 ad

605 1633 961 1698 Pentecost.
1047 1633 1262 1709 Ann0‚
1291 1638 1429 1707 etc„
1472 1632 1884 1715 nonagesimo
1928 1637 2168 1695 octavo.
2259 1631 2428 1715 Pleg.
2462 1630 2756 1695 Gilberto
2803 1629 2884 1692 de

605 1720 929 1804 Staynton
975 1725 1043 1784 et
1089 1718 1473 1783 Alexandro,
1499 1756 1574 1764 —
1609 1719 1654 1783 J
1656 1718 1939 1782 ohannes
1983 1718 2062 1782 de
2107 1717 2359 1782 Matnel
2388 1717 2541 1801 quia
2582 1715 2886 1780 vendidit.

603 1814 826 1871 contra
853 1806 1123 1871 assisam
1157 1806 1253 1869 6d.
1287 1805 1393 1889 [ll
1432 1804 1617 1869 other
1643 1824 1907 1888 persons
1935 1810 1972 1838 “
1992 1824 2106 1887 pro
2135 1804 2413 1881 eodem‚''
2440 1822 2680 1886 among
2697 1802 2882 1865 them

602 1894 638 1927 “
661 1894 892 1957 Emma
934 1893 1070 1957 filia
1112 1893 1426 1968 Lucianae,
1472 1911 1588 1975 pro
1617 1890 1858 1968 eodem,
1901 1890 2105 1955 libera
2131 1896 2248 1967 est,
2277 1891 2421 1955 ideo
2463 1889 2718 1966 nichil,”
2750 1888 2884 1952 and

603 1986 639 2013 “
660 1981 707 2046 J
710 1980 994 2043 ohannes
1053 1979 1313 2043 Garand
1365 1998 1480 2061 pro
1532 1977 1772 2054 eodem,
1829 1976 2042 2041 liber.’'
2116 1977 2286 2041 Vide
2337 1976 2724 2041 Feodarium
2777 1975 2877 2039 Pr.

605 2067 778 2130 Dun.
823 2085 883 2148 p.
920 2071 1018 2142 58,
1063 2085 1133 2128 as
1176 2070 1244 2128 to
1274 2064 1558 2127 “Emma
1608 2063 1930 2147 Lucian.”]
1954 2062 2431 2128 —Willelmus
2482 2063 2566 2127 ad
2617 2062 2881 2125 Portam

605 2152 763 2236 quia
805 2151 963 2215 emit
1006 2150 1344 2215 cervisiam
1388 2149 1467 2214 de
1509 2150 1861 2215 braciatore
1878 2152 1936 2233 .j.
1982 2150 2062 2214 de
2105 2150 2374 2227 Ketton‚
2406 2149 2504 2213 6d.
2528 2184 2617 2196 —
2640 2148 2880 2232 [Seven

606 2237 791 2301 other
833 2256 1097 2319 persons
1141 2256 1307 2300 were
1350 2235 1522 2301 fined
1566 2238 1667 2300 for
1708 2236 1820 2300 the
1864 2257 2055 2300 same.
2145 2236 2286 2301 One
2336 2236 2408 2300 of
2457 2234 2572 2299 the
2622 2236 2885 2311 entrieS‚

606 2323 899 2405 “Alqodc
926 2343 1041 2406 pro
1070 2322 1312 2399 eodem,
1345 2322 1496 2395 6d.,'’
1525 2322 1641 2386 has
1670 2322 1783 2387 the
1810 2342 2000 2387 name
2030 2323 2156 2387 and
2186 2342 2332 2387 sum
2361 2323 2583 2387 struck
2612 2321 2772 2406 ouh]
2793 2359 2884 2369 —

607 2408 979 2474 willelmus
1025 2409 1108 2473 ad
1143 2409 1404 2472 Portam
1448 2409 1602 2492 quia
1643 2410 1850 2473 aravit
1892 2415 2128 2474 terram
2174 2409 2417 2474 Sibillae
2456 2409 2707 2473 Bercar’
2736 2409 2880 2473 sine

606 2495 730 2573 lic’,
763 2495 862 2560 6d.
951 2494 1205 2559 Alanus
1234 2494 1556 2559 Neubond
1583 2515 1697 2578 pro
1726 2496 1967 2574 eodem,
2001 2496 2098 2561 6d.

696 2633 710 2646 .
758 2633 770 2646 .
817 2632 831 2646 .
880 2581 1231 2647 MERINGT’.
1322 2581 1809 2646 consideratum
1840 2588 1939 2646 est
1967 2582 2140 2666 quod
2178 2580 2547 2646 Willelmns
2590 2580 2741 2645 Dod
2783 2602 2883 2646 re-

607 2673 864 2752 cuperet
915 2669 996 2733 de
1054 2668 1332 2733 Roberto
1381 2668 1686 2733 Catherer
1741 2689 1856 2752 pro
1909 2669 2185 2753 quodam
2234 2668 2446 2753 gladio
2503 2675 2592 2733 2s.
2707 2668 2881 2752 Pleg.

608 2757 857 2840 Rogero
913 2755 1048 2819 filio
1107 2755 1385 2819 Patricii.
1409 2792 1497 2801 —
1548 2805 1561 2819 .
1624 2806 1637 2819 .
1699 2805 1712 2819 .
1775 2754 2106 2819 Galfridus
2167 2754 2246 2819 de
2304 2754 2570 2820 Chilton
2629 2754 2883 2819 invenit

605 2843 925 2928 Rogerum
981 2842 1191 2905 filium
1247 2842 1496 2906 Yvonis
1556 2845 1622 2905 et
1680 2841 1999 2925 Rogemm
2056 2841 2266 2905 filium
2317 2841 2591 2905 Andreae
2653 2842 2876 2926 [pleg.]

607 2929 975 2995 sustinendi
1015 2935 1250 2993 terram
1295 2949 1478 2993 suam
1508 2932 1575 2992 et
1619 2928 1897 2992 faciendi
1939 2929 2222 2993 Domino
2250 2928 2522 2992 servicia
2566 2928 2788 2993 debita
2815 2936 2884 2992 et

607 3022 926 3082 consueta.

692 3154 707 3169 .
754 3154 767 3168 .
815 3152 829 3168 .
876 3102 1226 3167 MERINGT'.
1317 3101 1810 3167 consideratum
1848 3101 2206 3185 est—quod
2239 3100 2588 3166 Custancia
2615 3102 2883 3166 Textrix

605 3194 940 3271 recuperet
969 3187 1048 3252 de
1089 3187 1423 3252 Willelmo
1468 3188 1794 3265 Bacheler,
1839 3188 2116 3252 Radulfo
2159 3187 2409 3253 medico
2453 3193 2520 3252 et
2549 3188 2882 3253 Willehno

607 3275 912 3351 Messore‚
941 3273 1105 3357 pleg'
1135 3273 1295 3338 dicti
1322 3274 1641 3339 Willelmi
1675 3276 1812 3338 15d.

702 3410 717 3424 .
764 3410 778 3424 .
824 3410 838 3424 .
928 3359 1081 3422 Non
1148 3365 1249 3423 est
1304 3360 1790 3425 incrementum.
1889 3362 2093 3445 Marg'
2150 3360 2376 3426 relicta
2432 3359 2700 3426 Thomae
2757 3362 2884 3426 For

607 3445 781 3530 cepit
824 3445 1063 3509 toftum
1108 3450 1175 3509 et
1217 3450 1347 3510 tres
1399 3466 1576 3511 acras
1619 3456 1802 3512 terrae
1847 3468 2007 3531 quas
2045 3447 2413 3513 WiUelmus
2454 3448 2535 3512 de
2578 3448 2885 3513 Auclend

607 3533 822 3597 tenuit
867 3537 935 3597 et
992 3538 1238 3615 septem
1285 3552 1462 3596 acras
1514 3539 1699 3597 terrae
1749 3534 1924 3617 apud
1980 3534 2298 3611 limkilne,
2355 3534 2527 3598 redd.
2588 3535 2883 3599 Domino

607 3619 815 3684 Priori
870 3623 955 3683 9s.
1006 3619 1106 3683 3d.
1141 3639 1219 3702 q.,
1274 3625 1339 3684 et
1389 3620 1682 3685 faciendo
1733 3621 2002 3686 servicia
2051 3627 2372 3686 consueta.
2394 3656 2483 3666 —
2505 3620 2884 3686 willelmus

606 3705 944 3772 Bercarius
968 3713 1034 3771 et
1057 3705 1438 3790 Radulphus
1470 3706 1643 3790 Cape
1674 3714 1979 3790 ceperunt
2015 3728 2104 3770 xv
2132 3728 2308 3772 acras
2351 3711 2539 3772 terrae
2584 3707 2667 3773 de
2710 3714 2884 3773 terra

602 3796 650 3859 J
652 3793 926 3858 ohannis
971 3792 1164 3868 Sbele,
1220 3793 1393 3859 redd.
1452 3814 1512 3877 p.
1560 3813 1614 3857 a.
1660 3793 1997 3878 antiquam
2052 3793 2320 3871 firmam,
2381 3799 2447 3859 et
2496 3793 2751 3859 dabunt
2798 3794 2884 3859 ad

602 3881 869 3965 g’smam
899 3880 984 3943 di’
1013 3879 1221 3944 marc’.
1245 3918 1333 3926 —-
1356 3879 1836 3944 Incrementum
1868 3886 1959 3944 4s.
2047 3880 2298 3945 Alanus
2340 3881 2514 3964 Gray
2545 3882 2724 3964 cepit
2752 3881 2884 3945 duo

601 3967 769 4031 tofta
811 3966 1124 4030 aedificata
1167 3986 1311 4050 quae
1352 3966 1617 4030 fuerunt
1659 3968 1706 4031 J
1708 3967 1980 4031 ohannis
2024 3967 2212 4041 Stele.
2257 3967 2430 4032 redd.
2462 3987 2523 4051 p.
2563 3986 2617 4032 a.
2661 3974 2773 4045 4s.,
2815 3973 2886 4032 et

600 4052 896 4117 faciendo
926 4052 1196 4116 servicia
1238 4059 1558 4118 consueta.
1581 4092 1670 4101 —
1692 4053 1892 4117 Diota
1934 4053 2014 4118 de
2057 4054 2381 4118 'Pudhowe
2425 4053 2597 4137 cepit
2638 4055 2884 4119 toftum

601 4147 669 4205 et
718 4158 831 4203 sex
879 4158 1056 4202 acras
1109 4138 1189 4202 de
1249 4145 1419 4203 terra
1475 4160 1669 4223 quam
1725 4139 1999 4204 Thomas
2049 4141 2115 4203 N
2116 4141 2195 4204 eb
2245 4140 2479 4217 tenuit,
2523 4140 2700 4205 redd.
2731 4161 2794 4224 p.
2825 4161 2881 4204 a.

601 4224 858 4311 [blank]
883 4262 970 4271 -—
990 4223 1361 4289 willelmus
1391 4226 1565 4290 filius
1609 4227 1656 4290 J
1658 4226 1931 4290 ohannis
1968 4227 2220 4291 Tinnok
2253 4229 2424 4311 cepit
2453 4247 2662 4290 unum
2707 4234 2883 4292 cota-

598 4314 777 4398 gium
802 4317 868 4376 et
896 4316 1027 4375 tres
1057 4331 1234 4375 acras
1256 4318 1441 4376 terrae
1465 4313 1545 4377 de
1567 4312 2139 4396 plowwaynlands,
2161 4314 2334 4379 redd.
2354 4335 2414 4398 p.
2434 4334 2487 4378 a.
2511 4314 2632 4396 iiiij
2657 4334 2705 4379 s.
2730 4313 2881 4399 [sic]

684 4399 1306 4548 ΕΒΤ-ΜΕΒΥΙέῙΨΘ-ΤΟΝἐ.1
1381 4400 1695 4464 Ricardus
1742 4400 1822 4463 de
1881 4399 2245 4484 Mayn’ford
2291 4421 2406 4484 pro
2458 4408 2884 4484 purprestura

596 4488 666 4551 in
697 4486 988 4550 miserico
1067 4485 1146 4561 ia,
1182 4490 1258 4547 12
1309 4535 1322 4549 .
