3042 5034
189 519 376 580 1370.
735 530 1053 580 HALMOTA
1079 530 1442 581 PRIORATUS
1471 533 1953 586 DUNELMENSIS.
2393 528 2474 587 99

182 722 212 735 -
242 723 273 734 -
302 687 395 758 Et
424 687 542 753 dat
568 708 686 772 pro
713 688 1002 773 gres’m'a
1026 694 1114 754 2s.
1202 688 1293 753 Et
1318 688 1644 773 reparabit
1679 689 1944 756 domum
1984 712 2100 776 pro
2142 696 2476 762 mansione

174 774 309 837 ten'
333 775 513 840 infra
532 796 741 840 unum
757 795 1004 841 annum
1025 776 1207 859 prox'
1227 776 1520 841 futurum
1540 777 1623 841 ad
1644 779 1880 863 costag'
1896 779 2168 845 Domini
2191 787 2257 846 et
2273 803 2472 848 unam

174 862 519 946 grangiam
560 868 949 946 prostratam
989 864 1161 927 inira
1187 863 1235 946 ij
1268 883 1514 928 annum
1545 864 1687 948 [sic]
1717 864 2109 932 sufficienter
2135 868 2220 932 ad
2247 870 2472 935 eadem

175 950 493 1033 custagia.
515 986 605 996 —
624 949 996 1015 Wfflelmus
1038 950 1214 1014 filius
1256 950 1519 1014 Thomae
1562 954 1631 1015 et
1671 951 1888 1016 Adam
1929 952 2103 1019 filius
2145 954 2194 1019 J
2195 955 2471 1022 ohannis

172 1070 209 1081 —
237 1070 269 1082 -
299 1041 613 1118 ceperunt
640 1041 849 1101 totam
869 1043 1169 1101 tenuram
1191 1056 1388 1120 quam
1404 1036 1778 1102 Wfflelmns
1800 1037 1976 1104 filius
1998 1040 2260 1106 Ricardi
2285 1043 2467 1126 prius

175 1122 443 1186 tenuit:
471 1122 743 1188 habend'
773 1127 840 1188 et
866 1124 997 1188 ten’
1028 1123 1108 1188 ad
1140 1130 1322 1189 term.
1353 1124 1505 1188 vitae
1528 1143 1788 1189 eorum:
1816 1125 1989 1190 redd.
2014 1129 2330 1193 scaccario
2352 1149 2469 1213 per

172 1227 431 1274 annum
478 1214 608 1275 268.
642 1209 742 1275 sd.
830 1211 919 1275 Et
944 1210 1220 1275 reddent
1247 1214 1314 1275 et
1342 1210 1584 1276 facient
1624 1211 1698 1274 in
1742 1213 2045 1278 omnibus
2080 1214 2227 1278 aliis
2257 1217 2463 1299 operi-

174 1294 306 1359 bus
351 1301 420 1360 et
462 1297 684 1362 cervis’
715 1297 850 1381 [sic]
894 1302 1084 1381 prout
1127 1297 1472 1380 praedictus
1511 1297 1825 1363 Ricardus
1866 1300 2049 1383 prius
2087 1301 2370 1367 reddidit
2398 1309 2467 1369 et

174 1381 381 1446 fecit:
422 1382 792 1467 incipiendo
820 1384 1066 1449 solvere
1088 1383 1406 1469 integram
1427 1383 1677 1448 firmam
1706 1385 1787 1449 ad
1818 1385 2054 1451 festum
2077 1388 2261 1453 Pent’
2290 1409 2462 1454 anno

172 1468 455 1532 Domini
482 1470 833 1535 Millesimo
864 1477 981 1535 etc.
1010 1471 1222 1555 lxxij0.
1309 1469 1398 1534 Et
1437 1471 1851 1536 seminabunt
1889 1472 2210 1544 11088880
2240 1495 2461 1541 semen

172 1555 442 1620 vernale
471 1562 539 1622 et
565 1557 820 1622 solvent
848 1559 1112 1622 terciam
1141 1561 1388 1641 partem
1418 1557 1655 1638 firmae3
1697 1563 1764 1623 et
1789 1558 1838 1623 J
1839 1559 2125 1625 ohannes
2154 1561 2315 1626 Reid
2346 1563 2464 1646 qui

170 1642 530 1707 seminavit
577 1664 798 1708 semen
847 1644 1122 1709 hiemale
1172 1643 1589 1727 respondebit
1639 1643 1719 1709 de
1760 1645 2017 1710 residuo
2068 1647 2284 1713 firmae.
2373 1651 2461 1712 Et

170 1728 569 1794 invenerunt
595 1730 725 1795 ten'
754 1730 1145 1796 sufficienter
1186 1730 1477 1795 aedificat’
1508 1737 1576 1794 et
1603 1730 1696 1795 sic
1726 1730 2077 1797 dimittent.
2166 1733 2340 1819 Pleg.
2373 1771 2400 1784 ·
2433 1771 2460 1784 ·

172 1814 488 1881 Gres’m'a
520 1823 606 1882 2s.
630 1841 650 1898 3
691 1817 1086 1882 condonatur
1112 1838 1228 1902 per
1253 1816 1607 1882 terrarium.

262 1903 708 1968 WrUEsTowss.
792 1904 841 1969 J
843 1904 1128 1969 ohannes
1167 1903 1248 1968 de
1287 1904 1487 1968 Seton
1518 1941 1547 1951 -
1566 1941 1598 1951 -
1626 1903 1800 1987 cepit
1821 1924 2027 1968 unum
2055 1906 2457 1990 mesuagium

170 1995 244 2053 et
272 1989 368 2073 xij
401 2011 579 2055 acras
608 1996 792 2055 terrae
820 1991 1051 2055 ultimo
1080 1991 1151 2054 in
1180 1995 1411 2055 tenura
1437 1990 1599 2055 Adae
1620 1990 1899 2054 Diotson
1921 1991 2130 2056 nativi
2150 1992 2457 2059 Domini:

170 2075 454 2141 habend’
482 2083 550 2142 et
589 2077 847 2143 tenend'
891 2078 974 2142 ad
1015 2083 1197 2143 term.
1232 2077 1386 2142 vitae
1429 2097 1597 2142 suae:
1640 2075 1812 2141 redd.
1860 2078 1921 2162 [“
1942 2098 2057 2161 pro
2102 2099 2271 2162 aqua
2316 2081 2455 2165 (ap-

170 2162 477 2246 parently
503 2164 604 2231 for
628 2170 665 2198 “
687 2184 835 2229 acra
850 2165 886 2191 ”
928 2185 999 2229 as
1036 2164 1273 2249 below)
1317 2184 1407 2228 xv
1425 2163 1484 2228 d.
1514 2168 1584 2228 et
1598 2163 1633 2191 '²
1663 2165 2016 2242 interlined,
2059 2172 2096 2200 “
2116 2167 2454 2251 antiquam

168 2250 429 2314 firmam
470 2255 538 2315 et
554 2251 586 2279 ”
628 2251 836 2315 struck
885 2251 1019 2334 out]
1066 2251 1290 2316 cervis’
1339 2255 1533 2335 prout
1575 2250 1918 2334 praedictus
1963 2252 2180 2324 Adam
2228 2254 2291 2338 [“
2311 2255 2452 2320 red·

170 2336 349 2400 didit
394 2341 464 2402 et
478 2338 515 2364 ”
561 2338 771 2402 etv-ecclc
812 2338 945 2423 out]
999 2338 1157 2402 fecit
1182 2374 1214 2384 -
1241 2374 1272 2385 -
1358 2339 1445 2402 Et
1489 2336 1604 2401 dat
1628 2358 1746 2421 pro
1795 2339 2086 2423 gres’m’a
2118 2345 2206 2407 68.
2239 2341 2339 2406 sd.
2363 2380 2453 2392 —

166 2424 217 2488 J
219 2422 512 2489 ohannes
539 2424 716 2490 filius
751 2424 1010 2489 Ricardi
1056 2424 1137 2489 de
1179 2423 1479 2488 Hertlaw.
1499 2461 1528 2471 -
1559 2461 1587 2471 -
1619 2445 1691 2489 ce
1736 2425 1793 2489 it
1818 2426 1935 2509 viij
1968 2446 2146 2491 acras
2175 2426 2256 2492 de
2284 2434 2455 2494 terra

170 2510 485 2575 Hostilar’
507 2510 738 2576 ultimo
765 2511 837 2575 in
858 2517 1089 2576 tenura
1115 2511 1410 2595 praedicti
1435 2510 1641 2575 Adae:
1731 2511 1956 2577 abend’
1987 2518 2053 2578 et
2081 2515 2340 2579 tenend’
2368 2516 2453 2580 ad

168 2605 357 2662 term.
387 2597 543 2662 vitee
571 2618 738 2664 suae:
780 2597 954 2664 redd.
973 2619 1035 2682 p.
1058 2618 1113 2664 a.
1146 2598 1208 2682 [“
1228 2601 1420 2682 prout
1447 2597 1792 2681 praedictus
1834 2598 2049 2663 Adam
2093 2601 2272 2683 prius
2308 2601 2451 2667 red-

167 2683 342 2748 didit
358 2684 394 2711 ''
420 2686 630 2748 simle
671 2692 795 2763 out,
837 2692 874 2719 “
894 2705 1010 2768 pro
1053 2704 1199 2749 acra
1238 2706 1329 2749 xv
1346 2684 1443 2749 d.'’
1485 2684 1852 2769 interlined]
1898 2691 1966 2751 et
2007 2684 2164 2751 fecit
2191 2723 2218 2736 ·
2249 2724 2278 2736 -
2363 2689 2451 2751 Et

168 2770 286 2835 dat
329 2792 445 2856 pro
474 2772 758 2855 gres'm’a
790 2777 876 2837 68.
910 2771 1010 2837 δᾶ.
1098 2772 1146 2837 J
1148 2770 1435 2836 ohannes
1465 2771 1547 2837 de
1577 2772 1774 2836 Seton
1805 2808 1834 2820 -
1861 2808 1892 2819 -
1921 2771 2095 2854 cepit
2122 2772 2237 2856 viij
2270 2793 2449 2839 acras

164 2865 355 2922 terrae
394 2859 624 2924 ultimo
659 2859 731 2922 in
759 2864 990 2924 tenura
1029 2858 1197 2924 Adae
1222 2858 1538 2923 Diotson:
1581 2857 1855 2922 habend’
1883 2862 1951 2922 et
1977 2858 2109 2921 ten'
2138 2858 2222 2921 ad
2263 2864 2446 2925 term.

164 2945 328 3009 vitae
369 2965 538 3011 suae:
582 2945 754 3010 redd.
784 2966 847 3030 p.
878 2966 931 3010 a.
961 2966 1078 3030 pro
1105 2966 1252 3010 acra
1301 2945 1442 3010 15d.
1488 2950 1556 3009 et
1605 2943 1763 3008 facit
1805 2944 1876 3006 in
1912 2943 2211 3008 omnibus
2254 2951 2449 3027 prout

164 3031 516 3116 praedictus
544 3032 759 3097 Adam
787 3032 955 3097 fecit.
987 3068 1016 3080 -
1045 3070 1074 3082 -
1158 3030 1247 3095 Et
1274 3031 1388 3097 dat
1415 3051 1532 3115 pro
1558 3030 1844 3115 gres’m'a
1876 3034 1962 3095 68.
1996 3029 2096 3095 δᾶ.

256 3119 562 3184 HARTON.
649 3119 1093 3203 Assyngnacio
1145 3124 1343 3184 terrae.
1431 3119 1584 3182 Duo
1628 3116 1947 3202 bondagia
1998 3115 2326 3200 quondam
2375 3118 2448 3182 in

162 3210 401 3269 tenura
449 3205 613 3271 Adae
664 3206 743 3270 de
793 3206 861 3269 N
862 3212 1057 3270 euton
1109 3211 1585 3291 assyngnantur
1643 3203 1801 3267 Adae
1871 3203 2150 3268 Diotson
2221 3205 2447 3270 nativo

164 3292 441 3356 Domini
482 3293 611 3357 ten'
654 3293 739 3357 ad
778 3292 1184 3357 voluntatem
1226 3292 1534 3357 Domini:
1576 3290 1869 3355 faciendo
1911 3311 2027 3374 pro
2064 3292 2092 3375 j
2125 3291 2445 3377 bondagio

163 3380 442 3463 antiqua
462 3379 682 3444 cervis’
703 3379 843 3463 [sic]
866 3386 933 3444 et
954 3382 1181 3463 operaff:
1211 3379 1382 3444 redd.
1406 3398 1522 3463 pro
1545 3377 1743 3443 altero
1762 3378 2077 3463 bondagio
2099 3399 2214 3462 pro
2235 3380 2445 3464 primo

164 3486 341 3530 anno
376 3471 534 3531 30s.:
577 3466 946 3551 incipiendo
990 3466 1235 3531 solvere
1279 3466 1362 3530 ad
1404 3465 1645 3530 festum
1687 3465 1872 3531 Pent’
1914 3465 2092 3549 prox'
2135 3466 2445 3533 futurum.

162 3554 255 3618 Et
282 3558 510 3638 postea
534 3553 713 3618 idem'
725 3553 940 3618 Adam
968 3554 1218 3618 tenebit
1245 3552 1625 3636 praedictum
1646 3552 2037 3636 bondagium
2066 3552 2147 3616 ad
2178 3554 2446 3636 antiqua

161 3660 362 3724 opera
391 3647 458 3704 et
485 3641 708 3705 cervis’
739 3640 878 3724 [sic]
909 3640 967 3705 si
994 3641 1316 3705 Dominus
1360 3639 1442 3704 ad
1485 3639 1609 3704 hoc
1652 3639 2012 3705 consentire
2049 3638 2347 3717 voluerit,
2378 3645 2447 3703 et

162 3727 481 3811 percipiet
509 3728 588 3792 de
618 3728 900 3792 Domino
943 3727 1323 3792 meremium
1365 3731 1433 3791 et
1474 3725 1817 3810 pecuniam
1860 3724 1944 3789 ad
1972 3722 2444 3807 reparacionem

164 3813 505 3879 domorum
546 3819 740 3898 prout
774 3814 901 3898 jur’
943 3813 1326 3878 taxaverint.
1348 3848 1439 3862 —
1459 3811 1814 3895 Inquisicio
1858 3817 2048 3894 capta
2076 3810 2155 3874 de
2183 3810 2442 3876 nativis

164 3901 528 3984 Inquisicio
557 3906 747 3984 capta
774 3902 882 3965 hic
913 3900 1017 3965 die
1045 3901 1280 3965 Martis
1313 3900 1479 3984 [Oct.
1514 3899 1626 3982 29]
1657 3898 1729 3961 in
1759 3896 2039 3962 crastino
2068 3896 2350 3961 Simonis
2379 3903 2447 3962 et

162 3989 211 4054 J
212 3987 361 4052 udae
414 3987 582 4071 [Oct.
640 3987 749 4072 28]
802 4007 973 4052 anno
1023 3986 1293 4052 Domini
1356 3985 1706 4050 m0ccclxx⁰
1751 3981 1859 4071 [F]
1906 4003 2120 4048 coram
2184 3983 2447 4050 domino

161 4074 469 4141 Johanne
497 4074 579 4139 de
599 4074 1182 4159 Hemmyngburgh
1211 4072 1492 4150 terrario,
1520 4078 1588 4137 et
1615 4072 1875 4136 domino
1905 4071 2150 4135 Thema
2177 4069 2447 4157 Surtays

160 4161 519 4227 senescallo
549 4161 632 4225 ad
675 4162 1136 4245 inquirendum
1179 4161 1364 4245 cujus
1407 4158 1803 4224 condicionis
1830 4158 2046 4223 Adam
2074 4157 2353 4223 Diotson
2382 4164 2448 4224 et

160 4249 451 4333 Rogems
501 4248 703 4313 Ward
754 4249 1069 4325 existunt,
1119 4268 1233 4331 per
1292 4253 1764 4312 sacramentum
1824 4246 1872 4311 J
1874 4245 2147 4310 ohannis
2197 4245 2449 4311 Wallas

159 4336 375 4401 aetatis
430 4334 595 4419 iiij¹¹
666 4355 1001 4412 annorum,
1072 4335 1332 4399 Thomae
1405 4334 1594 4417 Pege,
1668 4331 1930 4397 Ricardi
1996 4332 2077 4397 de
2135 4331 2448 4407 Herfflaw,

158 4424 206 4489 J
210 4422 488 4488 ohannis
547 4422 868 4507 Dogeson,
924 4421 972 4486 J
973 4421 1248 4501 ohannis
1309 4420 1504 4504 Gray,
1568 4419 1616 4484 J
1618 4418 1893 4484 ohannis
1951 4418 2086 4482 filio
2142 4416 2309 4482 Adae
2367 4416 2446 4480 de

159 4510 502 4595 Suthwyk,
551 4508 812 4574 Thomae
854 4508 976 4572 filii
1019 4508 1216 4573 Alani
1275 4512 1343 4573 et
1393 4508 1438 4573 J
1441 4505 1715 4571 ohannis
1764 4504 1944 4569 Reid.
2035 4503 2165 4580 Qui
2216 4502 2445 4566 dicunt
