3042 5034
537 513 564 570 l
578 512 659 570 20
1054 520 1370 569 HALMOTA
1399 519 1767 569 PRIORATUS
1798 520 2279 570 DUNELMENSIS.
2628 510 2657 568 l
2669 509 2706 568 3
2715 508 2755 569 7
2766 508 2835 569 3.

531 684 600 744 et
645 681 775 743 ten’
824 678 906 743 de
957 678 1169 744 North
1221 678 1590 763 Pittington
1637 679 1934 743 fecerunt
1984 698 2099 763 pro
2158 682 2377 762 parte:
2438 683 2506 741 et
2554 680 2684 742 ten’
2733 677 2833 742 de

535 766 915 831 Moreslawe
946 767 1235 831 fecerunt
1263 766 1336 829 in
1376 773 1558 849 parte
1590 766 1704 830 sed
1733 786 1867 829 non
1908 766 1979 829 in
2009 772 2182 829 toto:
2234 772 2302 830 et
2342 764 2477 829 ten’
2507 764 2589 830 de
2617 765 2833 829 Suth-

535 853 922 937 Pittyngton
953 852 1158 917 nichil
1198 853 1489 916 fecerunt
1517 854 1672 936 quia
1714 852 2000 917 clamant
2027 872 2167 917 esse
2208 851 2408 935 quiet'
2436 871 2555 935 per
2597 852 2829 935 script‘

535 960 771 1004 eorum.
794 975 885 988 —
906 940 1324 1023 Compertum
1371 946 1472 1004 est
1514 960 1630 1023 per
1672 945 2144 1005 sacramentum
2191 938 2399 1003 villat’
2444 938 2526 1002 de
2572 939 2829 1002 North-

533 1027 915 1112 Pittington‚
947 1027 1486 1109 West-Raynton,
1518 1026 2089 1110 Suth-Pittington
2119 1031 2185 1090 et
2229 1024 2612 1091 Moreslawe
2642 1026 2829 1109 quod

528 1120 700 1178 terra
744 1114 1215 1178 dominicorum
1243 1113 1712 1179 deteriorantur
1754 1113 1893 1197 [sic]
1938 1114 2013 1176 in
2041 1113 2237 1177 arrur’
2270 1118 2442 1177 20sz
2485 1119 2555 1177 et
2580 1113 2827 1178 dicunt·

533 1200 705 1283 quod
751 1202 955 1264 caruc'
997 1199 1370 1264 debuissent
1411 1200 1505 1264 ire
1534 1201 1608 1264 in
1653 1202 1987 1284 autumpn’
2034 1205 2101 1265 et
2143 1199 2300 1283 quia
2341 1219 2477 1263 non
2521 1200 2831 1264 fecerunt

534 1287 618 1349 ad
648 1287 904 1369 dampn’
934 1287 1208 1350 Domini
1240 1292 1410 1350 lOOs.

620 1373 1058 1437 WOLUESTON.
1149 1374 1251 1438 De
1275 1373 1553 1438 Isabella
1583 1373 1803 1438 Carter
1826 1372 2255 1457 (condonatur
2286 1372 2416 1457 ed.)
2448 1373 2829 1457 Margareta

535 1459 715 1523 Stere
744 1460 899 1543 quia
935 1459 1285 1524 noluerunt
1313 1460 1590 1525 vendere
1633 1461 1969 1525 cervisiam
2000 1466 2185 1524 extra,
2213 1460 2480 1524 domum
2525 1480 2651 1525 nec
2678 1460 2827 1545 lag',

534 1546 774 1630 potell’,
819 1551 886 1610 et
943 1548 1167 1631 quart’,
1215 1555 1408 1630 prout
1451 1555 1857 1632 compertum
1901 1553 2018 1623 est,
2070 1553 2156 1610 2s.
2180 1582 2270 1594 —
2289 1547 2393 1610 De
2446 1547 2825 1632 Margareta

534 1635 716 1699 Stere
766 1633 922 1716 quia
971 1633 1315 1698 maledixit
1359 1639 1699 1699 testatores
1750 1634 2056 1710 cervisiae,
2104 1640 2300 1718 prout
2349 1640 2823 1717 praesentatum

534 1727 651 1798 est,
683 1721 761 1786 de
789 1721 1227 1785 misericordia
1260 1720 1400 1784 12d.
2150 1798 2156 1803 ,

623 1809 921 1873 BURDON.
1010 1808 1478 1872 Praesentatum
1514 1814 1617 1872 est
1643 1807 1819 1891 quod
1848 1808 2168 1872 Robertus
2198 1807 2280 1872 de
2322 1807 2633 1871 Morland
2664 1808 2826 1872 fecit

534 1895 818 1965 diversas
878 1901 1324 1979 purprestures
1377 1895 1439 1979 [“
1460 1895 1534 1958 in
1584 1894 1941 1977 Bridbery”
2000 1894 2206 1958 sto-zach
2263 1894 2395 1978 out]
2457 1895 2704 1959 arando
2749 1896 2819 1977 vj

533 1981 721 2046 balks
767 1981 1115 2047 latitudine
1159 1980 1506 2065 cujuslibet
1551 1981 1621 2044 xl
1663 1980 1860 2064 pedes
1907 1987 1974 2046 et
2015 1981 2425 2064 longitudine
2468 1989 2578 2044 v¹¹
2620 1981 2824 2066 pedes

535 2088 681 2150 quae
725 2069 1008 2131 clamant
1051 2069 1370 2153 pertinere
1413 2076 1599 2132 terrae
1641 2067 1962 2132 willelmi
2004 2068 2085 2132 de
2128 2066 2569 2133 Walleworth.
2663 2068 2827 2133 Ideo

533 2154 877 2217 videantur
905 2155 1066 2218 citra
1089 2156 1265 2238 prox’
1296 2156 1443 2220 cur'.
1466 2193 1555 2204 —
1577 2155 1958 2238 Injunctum
1981 2160 2081 2220 est
2109 2155 2411 2219 omnibus
2440 2156 2826 2219 tenentibus

534 2240 712 2302 villae
742 2239 914 2339 quod
959 2241 1181 2305 nullus
1225 2262 1446 2306 eorum
1485 2243 1871 2326 permittant
1914 2241 2128 2326 [sicJ—
2158 2241 2446 2306 -averia
2490 2261 2613 2306 sua
2642 2243 2826 2306 exire

534 2325 762 2389 villam
791 2327 932 2390 sine
960 2327 1267 2392 custodia.

624 2412 934 2475 NEUTON-
937 2413 1231 2478 Km'roN.
1319 2415 1649 2480 Walterus
1692 2414 2036 2498 Bischopp,
2067 2414 2381 2478 Ricardus
2425 2413 2508 2478 de
2548 2414 2619 2477 N
2618 2421 2825 2478 euton

536 2504 604 2562 et
646 2498 974 2564 Walterus
1019 2500 1320 2565 Mustard
1356 2502 1498 2585 jur'.
1499 2502 1659 2566 —P.
1708 2507 1806 2565 est
1852 2507 1964 2565 att.
2010 2500 2344 2564 Willelmo
2396 2500 2521 2564 filii
2564 2501 2825 2565 Wateri

536 2584 862 2686 Bischopp
890 2587 974 2651 ad
1002 2587 1520 2670 respondendum
1549 2589 1594 2653 J
1598 2587 1841 2651 ohanm
1869 2588 2168 2652 Mustsrd
2197 2587 2277 2652 de
2321 2586 2563 2670 placito
2608 2594 2823 2651 trans-

533 2672 879 2756 gressionis
923 2694 998 2739 eo
1027 2674 1201 2775 quod
1245 2696 1451 2738 ιιιιιιιιι
1487 2676 1859 2757 jumentum
1901 2674 2006 2758 pd.
2039 2676 2084 2740 J
2089 2673 2362 2738 ohanms
2400 2674 2710 2758 perdidit,
2740 2675 2826 2738 ob

537 2758 884 2825 deffectum
928 2761 1134 2846 ipsius
1164 2761 1497 2826 willelmi.
1519 2795 1610 2806 —
1631 2762 1734 2845 Inj
1743 2767 2011 2825 unctum
2043 2767 2144 2826 est
2173 2760 2459 2824 Waltero
2490 2760 2825 2845 Bischopp

535 2847 710 2930 quod
739 2868 870 2911 non
898 2849 1233 2932 permittat
1261 2850 1306 2914 J
1309 2848 1555 2913 ohanm
1583 2847 1885 2912 Mustard
1928 2867 2291 2911 ammovere
2335 2846 2559 2930 aliqua
2602 2849 2826 2912 averia

536 2954 610 2998 ac
640 2935 856 2999 bona'
837 2936 1041 3018 ipsius
1063 2937 1110 3001 J
1113 2936 1384 3000 ohanms
1407 2954 1743 3019 quousque
1758 2934 1864 3018 pd.
1886 2936 1933 3000 J
1938 2933 2223 2998 ohannes
2245 2933 2507 2998 fecisset
2533 2934 2824 2999 Domino

537 3020 616 3084 de
648 3020 902 3105 dampn'
933 3023 1268 3086 domorum
1297 3027 1363 3087 et
1405 3028 1734 3086 terrarum.
1758 3055 1848 3066 —
1867 3021 1970 3085 De
2011 3019 2313 3086 «Iohanne
2356 3020 2664 3085 Mustard
2705 3041 2826 3104 pro

536 3107 625 3190 xij
674 3108 918 3173 thravis
963 3130 1053 3172 xv
1093 3109 1305 3193 garbis
1349 3109 1532 3172 aven’
1577 3108 1642 3191 [“
1663 3108 1757 3191 iiij
1806 3112 2013 3190 quart.
2060 3114 2128 3172 et
2171 3107 2294 3172 di.''
2323 3109 2573 3171 wnuen
2615 3108 2824 3191 above]

537 3194 785 3257 Wateri
817 3195 1140 3279 Bischopp
1171 3195 1456 3280 depastis
1485 3215 1601 3277 per
1630 3196 1845 3258 averia
1873 3214 1991 3259 sua
2034 3199 2226 3293 prout
2252 3199 2662 3277 compertum
2706 3202 2827 3271 est,

536 3279 617 3343 de
645 3280 1079 3345 misericordia
1109 3282 1209 3345 3d.

625 3365 866 3429 ACLEY.
958 3367 1337 3450 Injunctum
1367 3374 1467 3432 est
1509 3367 1812 3431 omnibus
1855 3367 2232 3432 tenentibus
2262 3366 2439 3431 villae
2468 3367 2648 3450 quod
2677 3368 2827 3451 qui·

534 3451 699 3514 libet
741 3471 960 3515 eorum
1003 3460 1313 3536 praestant
1344 3453 1481 3538 [sic]
1527 3454 1672 3518 lect'
1717 3454 1802 3518 ad
1843 3454 2063 3517 Halm’
2093 3454 2329 3518 Prioris
2359 3453 2534 3537 apud
2566 3455 2827 3519 Ketton

535 3537 657 3602 sub
686 3558 879 3621 poena
911 3540 1054 3604 4od.
1086 3540 1371 3605 solvend'
1401 3562 1514 3624 per
1544 3540 1733 3605 illum
1764 3541 1879 3625 qui
1909 3542 1978 3604 ιιι
2010 3540 2288 3606 deffectu
2316 3540 2652 3624 reperitur.

623 3626 937 3690 D1M1sslo
977 3627 1280 3691 MANERII
1318 3644 1406 3691 DE
1445 3628 1847 3692 BELLAssns
1908 3627 2238 3692 Willelmo
2266 3627 2518 3693 Jakson
2550 3627 2632 3692 de
2652 3628 2823 3692 Cou-

533 3734 665 3797 pon
695 3713 777 3777 ad
805 3716 1047 3780 festum
1075 3714 1567 3798 Assumpcionis
1591 3715 1860 3791 B.M.V.‚
1882 3732 2006 3780 AJ).
2045 3717 2165 3778 137
2172 3719 2230 3792 3,
2259 3714 2433 3797 cepit
2454 3715 2827 3779 manerium

530 3800 612 3864 de
643 3801 975 3866 Bellassiis
1005 3823 1154 3866 cum
1184 3802 1482 3866 domibus
1512 3801 1725 3866 eidem
1754 3802 2041 3866 manerio
2062 3800 2557 3900 pertinentibuS,
2588 3821 2825 3884 excep·

531 3887 619 3950 tis
670 3909 803 3952 una
852 3890 1063 3971 placia
1107 3895 1293 3954 terrae
1337 3893 1566 3953 vocata
1611 3888 2022 3953 Hauerlands
2067 3896 2134 3953 et
2181 3889 2385 3972 pratis
2435 3888 2701 3970 pascuis
2756 3894 2825 3951 et

528 3974 768 4071 pastur’
792 3995 906 4057 pro
930 3976 1195 4041 instaur.
1221 3975 1394 4040 unde
1417 3981 1609 4040 metae
1638 3974 1880 4039 fiebant
1896 3995 2013 4059 per
2039 3975 2382 4040 sircuitum
2412 3974 2665 4038 domini
2693 3985 2821 4038 ter-

528 4058 681 4120 rarii
703 4065 770 4122 et
792 4060 1067 4125 bursarii
1089 4070 1156 4126 et
1177 4064 1554 4127 tenencium
1578 4082 1899 4126 suorum·
1922 4061 2055 4126 —ad
2078 4069 2260 4127 term.
2286 4082 2375 4125 xv
2396 4080 2770 4125 annorum-

527 4143 760 4208 redd.-
792 4181 817 4192 ·
863 4148 1177 4211 scaccario
1221 4148 1464 4213 Prioris
1506 4148 1815 4214 Dunelm’
1865 4149 1946 4213 61.
1986 4153 2113 4213 138.
2150 4148 2307 4211 4d.-
2340 4148 2484 4210 -Et
2528 4149 2710 4232 cepit
2748 4149 2821 4210 in

526 4230 723 4295 stuffo
755 4230 987 4315 [etc.-]
1020 4234 1260 4298 -Item
1290 4236 1462 4318 cepit
1491 4236 1563 4299 in
1593 4236 1789 4301 stuffo
1820 4236 2064 4319 placius
2095 4235 2493 4319 subscriptas
2540 4235 2823 4299 semina-

522 4324 625 4381 tas
644 4318 877 4402 [etc.-]
909 4318 1231 4384 -Summa
1253 4341 1544 4386 acrarum
1560 4323 1870 4387 frumenti
1887 4343 2003 4406 per
2024 4322 2515 4387 estimacionem
2535 4321 2631 4405 lvj
2658 4341 2824 4386 ecrae

521 4425 687 4488 prec.
720 4425 881 4492 acrae
916 4410 1001 4469 6s.
1037 4405 1155 4482 sd„
1185 4427 1440 4471 summa
1468 4429 1762 4472 acrarum
1792 4409 1971 4473 ordei
2000 4430 2062 4491 p.
2095 4408 2304 4473 estim.
2351 4414 2622 4491 septem,
2653 4428 2819 4492 pree.

519 4510 682 4554 acrae
730 4496 858 4556 lOs.
947 4491 1118 4555 Item
1161 4493 1334 4574 cepit
1377 4494 1448 4556 ιιι
1493 4495 1689 4558 stuffo
1732 4493 1978 4577 placius
2024 4494 2419 4579 subscriptas
2465 4496 2821 4560 seminatas
