3042 5034
569 443 651 502 40
1073 448 1390 499 mucra
1416 448 1784 499 ramanus
1811 447 2295 498 DUNELMENSIS.
2645 436 2674 494 l
2684 435 2763 494 36
2773 435 2842 494 5.

563 610 815 693 lepores
864 613 933 672 et
975 607 1332 692 asportavit
1380 607 1453 671 in
1498 626 1800 672 warenna
1840 605 2112 671 Domini
2154 605 2330 689 apud
2373 603 2831 690 Byllyngham,

564 695 965 772 Wolveston,
986 696 1054 759 N
1055 700 1273 771 euton
1294 700 1363 759 et
1385 694 1611 777 Copon
1637 713 1756 776 per
1782 698 1998 758 totum
2026 712 2274 757 annum
2301 693 2711 776 praeteritum.
2730 729 2832 740 —

565 782 1035 846 Praesentatum
1087 787 1189 846 est
1229 800 1346 865 per
1387 781 1513 864 jur'
1558 780 1732 864 quod
1782 784 1966 844 terrae
2017 785 2086 843 et
2128 779 2259 843 ten’
2303 798 2450 863 quae
2492 779 2539 844 J
2541 779 2830 842 ohannes

564 870 611 935 J
613 869 955 951 enkynson
980 868 1160 952 prius
1187 867 1404 931 tenuit
1430 872 1588 930 sunt
1617 867 1689 929 in
1716 865 1876 930 adeo
1892 866 2059 930 bono
2081 871 2258 930 statu
2280 867 2452 931 sicut
2473 885 2551 929 ea
2569 864 2828 948 recepit,

565 956 678 1020 sed
708 955 936 1020 dicunt
964 955 1119 1038 quia
1145 954 1320 1018 idem
1347 953 1394 1018 J
1396 952 1682 1017 ohannes
1720 952 1850 1016 fuit
1892 952 1964 1016 in
2007 953 2333 1036 proposito
2363 951 2706 1016 recedendi
2744 951 2828 1015 de

564 1042 893 1126 praedictis
936 1042 1066 1105 ten’
1106 1060 1224 1124 per
1267 1047 1397 1104 tres
1439 1059 1643 1103 annos
1687 1039 1938 1123 elapsos
1984 1058 2116 1103 non
2157 1038 2412 1102 fimavit
2453 1038 2832 1122 praedictam

565 1137 804 1194 terram
831 1134 908 1191 ut
935 1133 1125 1192 antea
1152 1126 1404 1191 solebat
1432 1125 1546 1190 sed
1575 1125 1897 1191 vendebat
1924 1125 2151 1188 fimum
2181 1125 2262 1189 ad
2292 1125 2652 1208 dampnum
2686 1130 2806 1188 13s.

654 1214 1093 1278 WOLUESTON.
1182 1213 1392 1276 Adam
1420 1212 1665 1276 Milner
1693 1212 1773 1277 de
1801 1210 2140 1296 Wynyard
2168 1218 2235 1275 et
2264 1212 2580 1276 Ricardus
2625 1210 2830 1275 Roike

567 1308 878 1383 ceperunt
920 1299 1194 1364 molend’
1224 1300 1428 1363 totius
1458 1297 1778 1383 parochiae
1821 1298 1904 1363 de
1934 1297 2418 1398 Byllyngham:
2461 1298 2738 1362 habend.
2765 1302 2832 1361 et

565 1386 809 1451 tenend
837 1385 921 1450 ad
948 1393 1128 1451 term.
1159 1386 1360 1450 trium
1402 1405 1736 1462 annorum,
1763 1384 2038 1450 termino
2066 1384 2419 1468 incipiente
2462 1384 2549 1449 ad
2594 1383 2831 1450 festum

569 1474 632 1539 S.
665 1473 857 1537 Mart.
888 1488 1015 1538 aa).
1046 1477 1162 1537 etc.
1192 1471 1389 1536 lxv⁶⁰z
1432 1472 1701 1555 reddp.
1731 1471 2060 1536 a.201i.-

659 1560 946 1625 COUPON.
1033 1560 1137 1624 De
1196 1558 1676 1623 Communitate
1726 1557 1903 1623 vfllae
1944 1557 2100 1642 quia
2145 1508 2402 1640 depasti
2436 1556 2709 1622 fuerunt
2743 1557 2834 1622 les

569 1647 711 1730 leys
741 1646 848 1711 del
878 1646 1150 1711 Orosflat
1176 1665 1292 1728 per
1319 1645 1534 1709 averia
1561 1665 1680 1710 sua
1708 1644 1790 1709 de
1818 1644 2100 1727 dampno
2130 1651 2196 1709 et
2223 1644 2664 1708 misericordia
2701 1649 2729 1707 1
2743 1644 2837 1708 2d.

570 1768 659 1783 -
681 1734 1062 1818 Injunctum
1092 1732 1403 1797 Gilberto
1413 1731 1667 1796 Faukes
1709 1731 1884 1815 quod
1918 1731 2098 1795 fimet
2138 1737 2372 1795 terram
2415 1751 2621 1814 quam
2661 1736 2842 1796 tenet

569 1820 641 1884 in
673 1821 941 1904 Ooupon
969 1820 1137 1884 sicut
1165 1818 1362 1883 ceteri
1388 1824 1683 1882 tenentes
1711 1818 1959 1882 faciunt
1986 1823 2054 1881 et
2094 1816 2268 1902 quod
2311 1837 2442 1881 non
2486 1817 2845 1881 ammoviat

571 1913 899 1971 vesturam
940 1912 1333 1971 crescentem
1375 1924 1570 1987 super
1611 1903 1988 1987 praedictam
2029 1910 2266 1968 terram
2307 1924 2510 1988 usque
2542 1904 2847 1988 Bylling-

572 1993 726 2056 ham
776 1992 901 2056 sub
941 2011 1136 2075 poena
1178 1990 1586 2055 admissionis
1638 1990 1780 2075 [sic]
1829 1990 2153 2073 praedictae
2202 1998 2402 2055 terrae.
2422 2024 2515 2035 —
2536 1990 2844 2055 Nativus.

576 2079 996 2160 Compei-tum
1024 2085 1126 2142 est
1152 2097 1269 2162 per
1288 2078 1412 2160 jur'
1436 2077 1613 2161 quod
1641 2077 1917 2142 Thomas
1946 2077 2121 2141 filius
2151 2077 2409 2141 Ricardi
2438 2077 2521 2142 de
2542 2077 2847 2161 Billyng-

574 2164 725 2229 ham
755 2183 1153 2227 commorans
1175 2163 1351 2247 apud
1373 2162 1702 2230 Melsonbi
1731 2170 1799 2227 et
1826 2168 1928 2227 est
1956 2163 2317 2227 communis
2346 2170 2569 2247 pastor
2597 2164 2848 2229 ibidem

573 2258 675 2315 est
703 2249 965 2314 nativus
993 2250 1277 2313 Domini.
1300 2283 1389 2294 —
1411 2250 1515 2333 InJ'
1522 2255 1794 2319 unctum
1828 2255 1929 2314 est
1956 2250 2412 2314 brasiatoribus
2437 2250 2636 2314 istius
2665 2250 2848 2315 vmae

573 2336 749 2420 quod
794 2334 936 2419 [sic]
966 2335 1251 2399 vendant
1293 2335 1588 2418 lagenam
1631 2336 1917 2401 cervisiae
1959 2336 2168 2400 carius
2197 2356 2391 2419 quam
2435 2356 2550 2420 pro
2587 2336 2690 2402 ld.
2723 2338 2848 2401 sub

574 2443 768 2506 poena
802 2422 996 2506 [etc..]
1020 2459 1107 2472 —
1129 2421 1509 2504 Injunctum
1552 2428 1652 2486 est
1690 2421 1989 2490 omnibus
2033 2422 2403 2487 tenentibus
2445 2422 2625 2488 villae
2668 2423 2850 2506 quod

577 2529 710 2573 non
740 2507 989 2573 molant
1015 2508 1174 2572 alibi
1202 2527 1399 2591 quam
1426 2507 1511 2571 ad
1539 2508 1985 2576 molendinum
2013 2509 2095 2573 de
2123 2510 2189 2576 N
2190 2514 2389 2574 euton
2416 2508 2575 2573 dum
2603 2517 2849 2574 ventus

573 2593 830 2672 sufficit,
858 2595 981 2659 sub
1010 2614 1203 2679 poena
1231 2594 1313 2659 di.
1344 2613 1576 2660 marcae
1619 2594 1904 2660 solvend.
1935 2616 2049 2678 per
2091 2595 2279 2660 illum
2306 2596 2422 2679 qui
2455 2596 2529 2659 ιιι
2558 2596 2850 2662 deffectu

576 2703 644 2747 re
729 2682 900 2745 riter.

648 2703 977 2833 ΡΙὲΕσΤοΝ-
980 2769 1246 2833 BEULIE.
1320 2767 1536 2831 Adam
1554 2767 1634 2832 de
1654 2768 1933 2845 Marton,
1954 2768 2001 2833 J
2004 2768 2288 2834 ohannes
2306 2767 2388 2833 de
2406 2768 2849 2854 Baumburgh‚

577 2856 907 2921 Gilbertus
936 2855 1110 2920 filius
1140 2855 1388 2939 Rogeri,
1416 2862 1485 2919 et
1512 2854 1883 2918 Willelmus
1925 2855 2100 2919 filius
2140 2855 2423 2932 Roberti‚
2459 2856 2718 2938 jur'.—
2743 2857 2847 2922 De

579 2942 747 3027 Agn’
777 2943 884 3008 del
912 2943 1149 3019 Tonne,
1176 2962 1377 3006 uxore
1405 2941 1689 3006 Gilberti
1717 2940 1851 3005 filio
1881 2942 2115 3025 Rogeri
2159 2962 2274 3025 pro
2315 2942 2520 3006 assisa
2554 2942 2848 3007 cervisiae

581 3030 801 3107 fracta,
840 3030 921 3094 de
964 2993 1256 3112 qualibet
1298 3028 1419 3105 6(1.,
1451 3028 1701 3092 12(1.-
1716 3026 1822 3092 De
1848 3027 2182 3094 Willelmo
2225 3027 2523 3112 Raynald
2570 3034 2638 3093 et
2677 3029 2846 3092 Wil-

579 3116 772 3180 lelmo
795 3116 877 3179 de
898 3115 1159 3178 Marton
1187 3115 1343 3198 quia
1369 3134 1502 3178 non
1533 3114 1822 3178 fecerunt
1850 3134 1964 3197 pro
1991 3120 2174 3199 parte
2202 3114 2283 3179 de
2307 3114 2403 3179 les
2430 3114 2734 3199 loningis,
2764 3116 2847 3180 de

581 3200 1017 3265 misericordia
1049 3201 1256 3263 6d.—
1276 3201 1377 3264 De
1408 3200 1631 3266 eodem
1655 3200 1784 3285 [W.
1806 3200 2129 3300 Raynald]
2154 3202 2310 3286 quia
2336 3221 2467 3265 non
2498 3201 2848 3266 aedificavit

578 3286 993 3351 medietatem
1041 3284 1237 3349 unius
1279 3288 1636 3351 tenementi
1678 3286 1853 3370 quod
1902 3306 2044 3370 lpse
2086 3294 2155 3352 et
2194 3287 2241 3352 J
2243 3288 2529 3352 ohannes
2574 3288 2845 3352 N10h011

580 3372 892 3437 deffuncti
921 3370 1061 3455 [sic]
1090 3378 1400 3454 ceperunt
1426 3372 1511 3436 ad
1554 3373 1905 3438 aedificand.
1935 3380 2129 3456 prout
2156 3379 2556 3458 compertum
2599 3381 2701 3439 est
2727 3395 2845 3458 pet

572 3458 700 3542 jur'
730 3478 922 3541 super
965 3457 1086 3521 hoc
1130 3458 1529 3523 examinatos
1573 3460 1654 3524 de
1695 3480 1889 3543 poena
1931 3460 2016 3525 di.
2046 3481 2292 3538 marcae,
2319 3482 2405 3525 ex
2444 3461 2658 3545 gracia
2698 3461 2843 3526 l2d.

580 3584 666 3595 -
686 3545 790 3609 De
829 3544 1120 3609 Gilberto
1163 3543 1298 3608 filio
1341 3545 1574 3628 Rogeri
1616 3552 1682 3611 et
1710 3547 1757 3612 J
1759 3546 2018 3611 ohanna
2057 3568 2257 3612 uxore
2298 3549 2438 3631 ejus
2481 3548 2845 3614 executrice

579 3632 954 3698 testamenti
1005 3631 1052 3696 J
1053 3631 1326 3695 ohannis
1384 3632 1604 3696 N10011
1652 3631 1968 3697 deffuncti
2017 3634 2191 3718 quod
2249 3634 2523 3699 aedificet
2572 3634 2847 3699 alteram

581 3719 993 3784 medietatem
1022 3717 1313 3802 praedicti
1339 3718 1695 3782 tenementi
1723 3720 1885 3783 citra
1917 3722 2277 3802 proximam
2304 3721 2413 3786 vel
2440 3721 2850 3785 satisfaciant

581 3806 913 3870 Willelmo
957 3805 1039 3869 de
1067 3805 1327 3869 Marton
1362 3804 1442 3869 de
1469 3825 1664 3889 poena
1694 3811 1846 3882 40s.,
1874 3827 1957 3871 ex
1983 3808 2196 3890 gracia
2229 3807 2370 3872 l2d.
2459 3807 2678 3891 [1365,
2711 3808 2844 3872 III.

575 3893 840 3955 “Poena
881 3891 961 3954 al’
992 3891 1346 3974 imposita”
1373 3891 1655 3956 reduced
1683 3897 1750 3956 to
1783 3856 1884 3957 6d.
1914 3912 2146 3977 agrees,
2175 3914 2247 3958 so
2277 3895 2430 3959 does
2466 3900 2651 3971 1366,
2683 3894 2844 3979 IIL]

578 4014 669 4024 —
687 3977 1068 4060 Injunctum
1096 3983 1196 4042 est
1224 3978 1522 4043 omnibus
1552 3979 1921 4044 tenentibus
1938 3979 2114 4044 villae
2142 3980 2373 4064 nequis
2402 4000 2627 4045 eorum
2655 3989 2847 4045 vocat

578 4063 723 4148 [sic]
768 4062 972 4126 alium
1014 4079 1364 4140 Rusnctm,
1393 4065 1517 4128 sub
1559 4086 1754 4149 poena
1795 4065 1879 4130 di.
1910 4086 2142 4131 marcae
2184 4067 2470 4132 solvend.
2500 4087 2618 4150 per
2655 4067 2848 4132 illum

578 4150 698 4234 qui
725 4150 794 4212 ιιι
825 4148 1106 4214 deffectu
1132 4149 1569 4232 reperitur.—
1479 4153 1688 4216 —De
1708 4151 1924 4216 Adam
1943 4153 2025 4217 de
2053 4153 2319 4218 Marton
2338 4153 2494 4237 quia
2523 4174 2670 4219 suss
2700 4154 2842 4238 [sio]

577 4242 648 4301 et
674 4236 790 4320 viiJ'
824 4234 1089 4319 porcelli
1129 4235 1336 4319 ipsius
1379 4236 1544 4302 Adae
1586 4238 2044 4303 destruxerunt
2085 4239 2352 4304 bladum
2394 4241 2441 4305 J
2443 4240 2720 4304 ohannis
2764 4240 2845 4306 de

580 4323 968 4407 Baumburg’
999 4322 1084 4386 ad
1113 4321 1514 4406 dampnum
1494 4324 1702 4407 ipsius
1731 4326 1777 4388 J
1779 4324 2072 4402 ohannis
2095 4326 2322 4403 nichil,
2349 4326 2515 4426 quia·
2526 4328 2848 4410 juratores

578 4411 894 4495 ignorant.
914 4447 999 4457 --
1019 4411 1123 4474 De
1151 4410 1198 4475 J
1201 4409 1450 4474 ohanne
1480 4411 1561 4476 de
1590 4410 1975 4495 Baumburg'
1997 4431 2112 4495 pro
2141 4413 2647 4496 transgressione
2676 4415 2848 4480 facta
