3042 5034
233 531 262 589 1
277 529 428 589 381.
769 538 1091 591 mmor-A
1121 539 1491 590 Pmomros
1520 539 2006 589 nwnmnsm.
2408 523 2482 584 17
2496 527 2523 584 1

227 698 487 783 gardin.
519 703 674 763 ante
702 702 770 763 et
797 704 971 763 retro
1001 699 1166 763 citra
1194 700 1337 764 fest.
1371 698 1639 763 Paschae
1667 698 1790 763 sub
1820 717 2015 781 poena
2044 696 2134 780 xij
2158 696 2219 773 d,
2243 694 2529 761 solvend.

231 795 363 851 etc.
393 823 418 833 -
445 823 470 835 ·
498 792 566 850 et
583 785 758 868 quod
779 784 843 849 le
860 785 1116 850 sidwall
1134 786 1223 851 sit
1244 787 1315 851 in
1334 785 1683 850 altitudine
1700 785 1791 867 vij
1812 784 2026 868 pedes,
2043 790 2110 848 et
2127 783 2206 848 al.
2227 783 2308 848 de
2326 803 2371 846 v
2386 781 2529 867 ped.

329 873 691 938 SUTHWYK.
783 872 1204 956 Compertum
1235 882 1335 938 est
1379 872 1554 957 quod
1596 873 1642 937 J
1645 871 1747 936 oh.
1776 872 2005 947 Grene‚
2051 871 2097 935 J
2102 870 2200 935 oh.
2246 869 2333 933 fil.
2364 869 2531 934 Adae

230 960 321 1025 de
353 959 762 1035 Wermouth,
786 967 852 1024 et
873 959 1055 1025 will.
1078 959 1166 1024 fil.
1194 961 1241 1024 J
1242 960 1343 1025 oh.
1375 959 1544 1025 Reid
1572 960 1866 1024 fecerunt
1893 957 1957 1023 le
1984 959 2127 1041 fray
2148 959 2328 1041 pacis
2356 955 2532 1039 apud

232 1046 570 1131 Suthwyk
628 1051 696 1111 et
744 1045 1152 1123 Wermouth,
1195 1068 1313 1132 per
1361 1046 1536 1130 quod
1595 1053 1723 1112 ten.
1777 1045 1945 1111 dom.
2006 1044 2206 1109 Prior.
2266 1045 2533 1108 fuerunt

231 1134 478 1198 minati
518 1153 636 1218 per
676 1133 973 1197 homines
1018 1133 1187 1199 dom.
1234 1134 1317 1199 de
1361 1133 1601 1199 Hilton
1646 1139 1715 1197 et
1757 1133 1827 1196 in
1871 1152 2066 1216 grave
2115 1129 2402 1216 periculo
2450 1129 2532 1195 de

231 1221 636 1304 corporibus,
665 1228 860 1303 prout
889 1226 1291 1305 compertum
1330 1225 1431 1286 est
1472 1241 1590 1305 per
1631 1221 1744 1303 xij.
1835 1220 1991 1283 Ideo
2035 1218 2116 1283 de
2158 1218 2319 1302 ipsis
2360 1216 2408 1282 J
2411 1216 2532 1294 oh.,

231 1308 282 1372 J
284 1308 412 1385 oh„
448 1314 517 1373 et
543 1306 725 1371 Will.
755 1308 838 1372 de
868 1327 1063 1391 poena
1105 1307 1266 1373 alias
1310 1307 1632 1392 imposita,
1662 1328 1748 1371 xx
1771 1327 1820 1372 s.
1908 1306 2013 1372 De
2052 1305 2320 1390 prefatis
2362 1305 2408 1369 J
2410 1304 2531 1382 oh.,

231 1395 282 1459 J
284 1393 414 1471 oh„
445 1400 512 1458 et
539 1393 717 1459 will.
751 1401 818 1459 et
846 1394 1131 1459 Roberto
1161 1394 1411 1460 famulo
1438 1395 1702 1459 Thomae
1747 1393 2015 1458 Buteler
2049 1393 2204 1477 quia
2233 1392 2533 1457 luserunt

232 1481 324 1546 ad
364 1480 586 1565 pilam,
615 1501 733 1564 per
759 1481 934 1564 quod
962 1482 1179 1566 gravis
1224 1481 1562 1547 contencio
1603 1489 1670 1546 et
1709 1479 2104 1545 contumelia
2145 1485 2534 1545 surexerunt

231 1569 416 1633 inter
436 1575 564 1632 ten.
590 1567 756 1632 dom.
781 1568 1000 1645 Prior„
1021 1574 1214 1651 prout
1243 1576 1647 1653 compertum
1680 1574 1796 1644 est,
1818 1588 1933 1652 per
1953 1567 2046 1650 xij
2071 1568 2197 1651 jur.
2228 1566 2310 1631 de
2338 1586 2532 1650 poena

233 1655 321 1720 al.
352 1654 676 1738 imposita,
705 1675 796 1719 xx
816 1675 864 1720 s.
955 1655 1349 1720 Ordinatum
1392 1660 1494 1721 est
1537 1655 1711 1739 quod
1754 1654 1925 1719 nulli
1969 1661 2099 1719 ten.
2131 1654 2297 1718 dom.
2329 1653 2528 1717 Prior.

233 1742 323 1807 de
353 1748 553 1807 trane.
597 1741 773 1806 facta
813 1742 986 1806 infra
1027 1742 1391 1807 dominium
1430 1743 1599 1809 dom.
1640 1741 1837 1806 Prior.
1869 1745 2167 1825 quaerant
2209 1740 2528 1804 auxilium

235 1830 324 1895 de
355 1829 558 1893 altero
596 1827 880 1906 domin0,
910 1849 1029 1894 nec
1072 1836 1422 1914 procurent
1456 1829 1812 1895 servientes
1856 1829 2125 1893 alterius
2170 1826 2419 1891 domini
2462 1846 2531 1890 se

231 1916 693 1992 intromittere,
723 1916 846 1980 sub
874 1935 1071 2000 poena
1098 1918 1171 1981 xl
1188 1937 1235 1982 s.
1266 1916 1552 1981 solvend.
1584 1922 1703 1981 etc.

327 2002 576 2067 AGLEY.
666 2002 1051 2086 Injunctum
1102 2011 1203 2068 est
1259 2004 1562 2068 omnibus
1612 2009 1740 2067 ten.
1792 2002 1971 2066 villae
2021 2000 2197 2085 quod
2254 1997 2533 2084 quilibet

235 2109 465 2155 eorum
496 2094 657 2154 cust.
681 2109 885 2173 camp.
910 2110 1059 2155 cum
1081 2098 1317 2154 turnus
1346 2110 1504 2155 suus
1534 2090 1886 2166 advenerit,
1910 2089 2032 2153 sub
2053 2108 2247 2172 poena
2267 2088 2360 2170 xij
2381 2085 2532 2150 d.—

236 2176 636 2242 Ordinatum
676 2182 776 2240 est
814 2197 896 2241 ex
927 2196 1087 2242 com.
1131 2197 1401 2243 assensu
1442 2183 1582 2242 tam
1624 2176 1972 2242 liberorum
2016 2196 2211 2259 quam
2255 2174 2531 2239 aliorum

233 2271 372 2329 ten.
416 2263 583 2328 dom.
632 2263 833 2328 Prior.
868 2263 1044 2348 quod
1088 2265 1308 2329 omnia
1342 2265 1642 2349 juvenca,
1673 2264 1841 2349 equi,
1874 2271 1940 2328 et
1966 2262 2221 2347 pullani
2249 2261 2532 2327 custodi-

233 2356 440 2416 antur
468 2350 540 2413 in
569 2370 751 2414 mora
792 2370 910 2434 per
938 2350 1151 2416 himin
1194 2351 1584 2429 inveniend.,
1621 2358 1690 2416 et
1728 2352 1902 2436 quod
1946 2351 2118 2434 equi,
2161 2358 2227 2415 et
2249 2350 2535 2434 juvenca

233 2457 363 2502 nec
392 2436 647 2520 pullani
673 2443 1004 2522 ponantur
1043 2439 1216 2502 infra
1245 2437 1414 2503 blad.
1446 2439 1574 2504 nisi
1602 2438 1675 2503 in
1704 2439 1980 2503 fortibus
2012 2437 2233 2515 theris,
2262 2445 2330 2502 et
2357 2435 2532 2520 quod

235 2525 439 2589 boves
481 2530 612 2588 ten.
659 2524 1109 2590 custodiantur
1137 2527 1209 2589 in
1238 2527 1539 2609 pasturis,
1568 2533 1637 2590 et
1665 2526 1839 2610 quod
1867 2545 2080 2590 vaccae
2122 2532 2189 2588 et
2232 2524 2530 2588 bidentes

233 2611 422 2675 viHae
450 2611 587 2676 sint
613 2618 1026 2677 transeuntes
1055 2633 1095 2677 a
1123 2620 1311 2696 porta
1331 2612 1603 2698 villane)
1625 2633 1832 2697 usque
1860 2612 2074 2677 locum
2096 2631 2243 2695 quae
2263 2617 2533 2675 vocatur

227 2696 304 2764 'le
337 2698 514 2775 Pors,
543 2704 613 2763 et
641 2698 817 2782 quod
846 2719 978 2763 non
1022 2707 1400 2764 remaneant
1438 2701 1874 2784 depascentes,
1905 2707 1972 2764 et
2001 2699 2175 2783 quod
2206 2699 2334 2762 ista
2362 2696 2531 2761 ordi-

236 2785 431 2850 nacio
474 2785 748 2869 incipiat
792 2786 999 2850 teneri
1037 2807 1077 2850 a
1119 2788 1262 2851 fest.
1308 2786 1592 2864 Paschae,
1638 2794 1707 2851 et
1750 2786 1940 2850 duret
1982 2805 2317 2869 quousque
2359 2783 2532 2849 blad.

235 2874 587 2949 intrentur,
616 2874 740 2937 sub
769 2892 963 2956 poena
992 2873 1064 2938 xl
1083 2872 1141 2939 d.

334 3050 363 3108 1
377 3051 522 3109 382.
585 3044 1030 3130 I.—H'eadin9
1055 3048 1395 3132 imperfect.

329 3133 532 3198 FBRY.
622 3133 1091 3198 Praesentatum
1122 3142 1221 3199 est
1256 3155 1373 3218 per
1400 3153 1747 3199 messorem
1768 3133 1943 3218 quod
1972 3131 2430 3216 impignoravit
2460 3131 2524 3214 xj

237 3241 337 3303 eq.
372 3220 451 3283 de
483 3227 613 3284 ten.
648 3219 728 3283 de
772 3220 1009 3285 Todow
1054 3229 1223 3305 capt.
1272 3222 1344 3285 in
1387 3221 1554 3286 blad.
1602 3228 1731 3286 ten.
1777 3221 1859 3286 de
1901 3219 2067 3296 Feri,
2098 3227 2165 3284 et
2207 3218 2528 3283 Robertus

237 3308 464 3390 Pappe
509 3306 590 3370 de
619 3306 858 3370 Todow
887 3327 946 3372 v.
979 3315 1046 3372 et
1075 3329 1126 3373 c.
1159 3316 1343 3373 extra
1387 3308 1539 3373 fald.
1571 3329 1669 3393 eq.
1700 3329 1892 3373 suum
1920 3307 2062 3373 sine
2101 3306 2203 3371 lic.
2236 3306 2530 3389 alicujus,

239 3402 309 3458 et
352 3402 616 3476 propter
658 3394 1032 3477 capcionem
1091 3395 1285 3479 praed.
1335 3395 1487 3480 equi
1546 3417 1593 3460 x
1651 3416 1747 3480 eq.
1795 3396 2059 3460 recessit
2103 3400 2285 3459 extra
2335 3394 2527 3477 praed.

155 3516 180 3529 κ
242 3478 775 3544 saldan—will.
824 3481 1057 3545 Adcok
1102 3503 1154 3546 c.
1196 3483 1224 3565 j
1274 3483 1540 3547 hotham
1584 3484 1700 3547 ult.
1746 3484 1817 3546 in
1862 3491 1992 3547 ten.
2040 3482 2086 3545 J
2089 3482 2190 3546 oh.
2235 3480 2414 3546 Yoill
2457 3482 2529 3545 in

241 3567 379 3632 alta
409 3573 650 3646 strata3
691 3567 835 3631 hab.
868 3568 951 3632 ad
982 3577 1166 3635 term.
1200 3570 1356 3634 vitae
1383 3590 1555 3651 suae3
1597 3570 1768 3634 redd.
1800 3592 1862 3654 p.
1898 3591 1953 3634 a.
1987 3570 2078 3653 xij
2104 3569 2162 3633 d.
2211 3605 2237 3617 -
2285 3605 2310 3617 ·

329 3652 637 3718 Mmmzn.
727 3654 832 3720 De
876 3654 1052 3720 Will.
1087 3658 1278 3740 Byng
1320 3658 1475 3740 quia
1503 3657 1825 3742 equitavit
1854 3657 1938 3721 ad
1968 3655 2525 3740 praemuniendum

245 3740 567 3804 famulum
612 3740 794 3806 Will.
828 3742 1037 3819 Patte,
1067 3744 1187 3808 viz.
1220 3744 1534 3808 Thomam
1578 3745 1663 3808 fil.
1713 3745 1891 3809 Petri
1921 3744 2007 3808 fil.
2041 3743 2178 3807 Ric.
2226 3742 2309 3806 de
2353 3741 2528 3805 Mid-

245 3828 424 3911 rigge
476 3848 560 3892 ne
611 3834 815 3892 staret
865 3831 1028 3911 paci,
1079 3839 1273 3914 prout
1323 3840 1628 3915 compert.
1682 3840 1782 3896 est
1832 3852 1948 3915 per
1981 3831 2112 3914 jur.
2221 3829 2325 3894 De
2368 3830 2528 3893 Rob.

244 3915 505 3978 Hikson
562 3921 628 3979 et
670 3915 821 3979 Joh.
870 3916 1128 3982 Hikson
1177 3919 1332 4001 quia
1382 3919 1614 3982 famuli
1667 3919 1769 3982 sui
1814 3919 2107 3983 fecerunt
2163 3936 2529 3982 rescussum

244 4002 509 4065 Thomae
538 4001 623 4065 fil.
659 4001 838 4066 Petri
868 4003 948 4067 de
978 4004 1317 4090 Midrigge‚
1347 4014 1540 4089 prout
1569 4014 1873 4090 compert.
1909 4013 2025 4070 est.

328 4087 622 4152 ΕΒΤΜΕΒ.
710 4089 815 4154 De
875 4090 1176 4156 Caterina
1237 4112 1433 4158 uxore
1494 4093 1661 4157 Heu.
1717 4094 1941 4158 Carter
1993 4093 2145 4177 quia
2210 4099 2310 4157 est
2360 4111 2533 4156 com-

244 4175 464 4239 munis
493 4175 828 4258 garilatrix
859 4177 949 4261 xij
976 4178 1037 4242 d.

330 4261 697 4327 WESTMER.
789 4262 952 4328 Dies
981 4265 1109 4329 dat.
1131 4273 1231 4331 est
1260 4266 1433 4351 Hug.
1465 4266 1672 4344 Patte,
1704 4267 1986 4332 Henrico
2018 4267 2098 4331 de
2128 4267 2194 4330 N
2197 4272 2326 4342 eut,
2347 4263 2529 4327 will.

248 4348 532 4414 Curi-our
582 4356 650 4413 et
692 4349 845 4416 Joh.
893 4351 1106 4417 Smith
1153 4353 1234 4417 de
1278 4353 1582 4430 Midmer,
1640 4354 1722 4417 ad
1766 4354 2023 4419 vidend.
2068 4361 2305 4418 terram
2365 4351 2530 4415 dom.

244 4435 523 4519 positam
568 4436 652 4500 ad
701 4445 939 4502 terram
983 4440 1029 4504 J
1032 4438 1131 4504 oh.
1177 4440 1425 4517 Elstob,
1471 4441 1546 4517 si,
1590 4446 1727 4516 etc„
1772 4440 1853 4504 ad
1898 4460 2079 4524 prox.
2128 4438 2534 4509 dominicam,

242 4523 366 4587 sub
396 4543 591 4606 poena
619 4523 705 4589 di.
736 4544 984 4589 marcae.
