3042 5034
563 485 588 543 l
604 486 684 544 44
1065 491 1381 540 HALMOTA
1411 490 1778 539 PRIORATUS
1810 491 1950 539 DUX
1953 490 2083 538 ΕΒΗ
2090 490 2173 538 EN
2178 490 2293 538 513.
2664 482 2689 537 l
2703 480 2738 536 3
2750 482 2784 537 'a'
2796 481 2851 537 8.

556 651 928 715 villatamm
972 650 1052 714 de
1096 648 1366 714 Mid-M‘
1409 651 1477 713 et
1505 648 1817 712 West-M'
1862 648 2015 732 quia
2046 667 2181 711 non
2223 647 2600 712 habuerunt
2645 668 2855 711 unum

557 758 967 803 communem
996 755 1339 801 messorem
1369 772 1394 783 ·
1427 771 1451 783 ·
1487 740 1619 798 203.

649 824 1012 888 HRSILDEN.
1123 823 1543 905 compertum
1594 827 1693 885 oet
1735 841 1851 904 per
1893 821 2017 904 jur.
2067 820 2238 905 quod
2285 820 2575 885 Isabella
2620 821 2855 885 relicta

562 910 820 975 Ricardi
870 911 1141 975 Watson
1192 928 1325 972 non
1375 915 1475 972 est
1525 907 1850 972 sufficiens
1901 907 1985 971 ad
2035 906 2294 972 tenend'
2344 907 2475 972 duo
2528 907 2856 992 bondagia

562 1018 708 1081 quae
757 1018 931 1062 nunc
981 1002 1162 1061 tenet
1211 1004 1278 1060 et
1327 994 1502 1078 quod
1561 1014 1758 1058 unam
1816 998 2054 1057 terram
2113 993 2374 1058 deberet
2434 994 2685 1057 dimitti
2730 1015 2854 1078 per

561 1085 782 1148 binam
832 1104 1115 1148 arruram
1167 1088 1236 1146 et
1278 1080 1406 1145 alia
1448 1088 1617 1145 terra
1662 1081 1733 1164 [a
1777 1081 1994 1164 blank]
2046 1079 2192 1144 ideo
2243 1080 2654 1163 providiatur
2702 1081 2850 1164 [sic]

562 1171 642 1235 de
680 1171 708 1254 3
755 1171 900 1235 ten'.
988 1170 1077 1233 Et
1111 1169 1234 1252 331.
1279 1173 1677 1252 praesentant
1726 1167 1901 1252 quod
1945 1166 2049 1250 pd.
2097 1166 2378 1231 Isabella
2426 1167 2629 1232 habet
2658 1168 2849 1243 bona,

564 1257 682 1320 viz.
716 1257 810 1339 iiij
843 1256 1039 1320 boves
1071 1254 1265 1339 [etc]

650 1343 1091 1406 BILLINGHAM„
1182 1342 1285 1406 De
1328 1340 1494 1423 Agn.
1529 1339 1610 1404 de
1657 1339 1931 1423 Ingelby
1958 1359 2074 1424 pro
2118 1340 2630 1423 transgressione
2675 1341 2851 1405 facta

566 1428 895 1493 willelmo
917 1429 1178 1512 Sparow
1200 1433 1268 1492 et
1296 1428 1342 1492 J
1344 1427 1581 1490 ulianae
1602 1427 1790 1490 uxori
1817 1427 1958 1509 ejus
1979 1432 2252 1491 vocante
2273 1428 2488 1511 ipsam
2507 1429 2556 1492 J
2558 1428 2850 1492 ulianam

566 1516 963 1580 meretricem
1009 1515 1091 1579 ad
1133 1514 1488 1597 dampnum
1536 1518 1669 1577 40s.
1700 1512 1876 1577 unde
1905 1513 2266 1597 percipient
2309 1514 2393 1577 ad
2436 1514 2847 1579 voluntatem

565 1623 752 1668 suam
788 1608 914 1667 138.
950 1601 1046 1665 4(1
1079 1606 1271 1684 prout
1298 1606 1701 1683 compertum
1732 1604 1832 1664 est
1860 1620 1977 1683 per
2008 1599 2133 1682 jur.
2165 1600 2246 1664 de
2274 1620 2470 1684 poena
2498 1606 2565 1665 et
2596 1602 2849 1665 miseri-

567 1690 784 1754 cordia
815 1688 959 1754 40d.
1004 1686 1402 1753 condonatur
1444 1686 1527 1750 ad
1577 1685 1675 1750 6d.
1698 1721 1787 1732 —
1809 1686 2199 1751 Ordinatum
2242 1693 2342 1750 est
2385 1707 2469 1751 311
2513 1687 2849 1751 communi

569 1797 836 1842 assensu
863 1776 1037 1860 quod
1065 1793 1288 1839 omnes
1316 1773 1618 1837 mulieres
1646 1772 1821 1836 vinae
1849 1780 2213 1856 compescat
2233 1773 2375 1857 [sic]
2404 1773 2665 1858 linguas
2696 1795 2851 1838 suas

567 1864 810 1948 absque
838 1862 1273 1927 defamacione
1315 1859 1598 1943 aliquali.
1621 1893 1710 1904 —
1732 1859 1835 1942 Inj
1843 1865 2114 1923 unctum
2156 1866 2257 1924 est
2285 1860 2591 1925 omnibus
2620 1868 2848 1926 tenen-

567 1951 744 2015 tibus
773 1949 948 2014 villae
976 1947 1149 2033 quod
1191 1947 1509 2031 castigant
1544 1946 1686 2030 [sic]
1728 1946 2079 2011 servientes
2122 1965 2274 2010 suos
2320 1951 2387 2011 et
2415 1967 2652 2030 pueros
2696 1968 2852 2013 suos

570 2037 662 2100 ita
691 2035 865 2119 quod
894 2056 1027 2099 non
1055 2036 1354 2118 frangant
1383 2053 1642 2097 murum
1683 2032 1939 2117 gardini
1968 2032 2217 2096 (13131111
2248 2053 2368 2098 1133
2397 2033 2568 2098 1113(1
2597 2035 2854 2099 intrent

567 2130 790 2186 contra
847 2121 1251 2186 voluntatem
1312 2119 1615 2184 custodie.
1639 2157 1728 2168 —
1742 2119 2124 2202 Injunctum
2182 2125 2285 2183 est
2342 2120 2647 2185 omnibus
2708 2128 2853 2185 ten·

567 2208 826 2272 entibus
854 2207 1029 2270 villae
1057 2207 1231 2290 quod
1260 2206 1342 2270 ad
1369 2204 1939 2290 praemunicionem
1976 2206 2318 2271 servientis
2344 2207 2599 2271 terrarii
2626 2209 2857 2272 veniat

569 2294 710 2378 [sio]
740 2292 1121 2357 festinanter
1161 2312 1276 2376 pro
1304 2292 1698 2358 victualibus
1741 2313 1797 2375 eJ
1785 2292 2028 2358 usdem
2069 2292 2344 2357 cariand„
2390 2293 2638 2377 absque
2680 2295 2855 2359 dila-

567 2380 767 2446 cione.
795 2413 886 2425 —
914 2379 1302 2443 Ordinatum
1357 2385 1459 2443 est
1515 2399 1597 2444 ex
1662 2379 1991 2443 communi
2054 2399 2320 2443 assensu
2385 2380 2561 2463 quod
2619 2381 2856 2446 nullus

566 2465 1049 2532 husbandorum
1078 2485 1194 2530 333
1222 2465 1611 2531 cotariorum
1655 2463 1937 2531 habeant
1978 2465 2167 2549 plura
2208 2466 2425 2531 averia
2467 2487 2584 2550 pro
2613 2473 2860 2533 tenura

567 2574 686 2618 sua
714 2573 906 2637 quam
939 2551 1307 2616 ordinatum
1335 2552 1464 2616 fuit
1492 2552 1575 2616 ab
1603 2552 1872 2636 antiquo
1901 2572 2017 2616 seu
2049 2552 2210 2617 alibi
2254 2552 2605 2636 depascant
2648 2574 2856 2637 quam

567 2641 928 2724 antiquitus
973 2638 1311 2723 depascere
1352 2645 1840 2704 consueverunt,
1863 2676 1950 2685 —
1973 2638 2362 2703 Ordinatum
2406 2646 2507 2704 est
2545 2661 2626 2705 ex
2672 2661 2857 2705 com-

566 2728 752 2793 muni
794 2746 1060 2792 assensu
1103 2725 1277 2810 quod
1319 2724 1403 2789 ad
1445 2725 1885 2790 cornacionem
1932 2726 2230 2790 messoris
2259 2726 2528 2791 veniant
2563 2747 2682 2810 pro
2710 2729 2854 2792 col-

567 2814 845 2881 lectione
901 2813 1094 2898 pisas,
1152 2818 1219 2878 et
1274 2832 1425 2877 cum
1483 2812 1722 2877 iterum
1779 2813 2139 2877 cornaverit
2196 2812 2500 2878 recedant
2555 2813 2638 2878 de
2682 2815 2856 2898 pisis

567 2901 893 2986 praedictis
922 2901 1044 2965 sub
1073 2919 1267 2985 poena
1298 2899 1431 2963 6(1.·
1475 2904 1545 2964 et
1574 2898 1777 2963 eciam
1816 2899 1990 2981 quod
2034 2898 2257 2964 nullus
2301 2898 2564 2984 colligat
2606 2901 2739 2965 nisi
2778 2903 2857 2965 in

569 2984 1788 3155 P¹⁸v1331¹33254133ffl02²201fi¹3⁹3132¹÷355
1788 2985 1968 3136 ffir
1992 3072 2315 3136 wmem
2358 3072 2644 3137 mmm
2672 3075 2855 3157 cepit

569 3182 773 3224 unum
820 3160 1142 3244 cotagium
1186 3165 1253 3222 et
1294 3158 1340 3242 13
1391 3178 1569 3222 33133
1612 3163 1797 3222 terrae
1847 3178 1992 3242 quae
2041 3158 2305 3223 fuerunt
2344 3158 2419 3222 in
2462 3165 2699 3224 tenura
2736 3162 2853 3244 pd.

572 3245 934 3310 willelmi·
917 3266 988 3308 ιιι
1009 3247 1155 3328 3313
1183 3245 1341 3310 (13111
1370 3245 1541 3309 vixit
1568 3250 1635 3310 et
1662 3264 1808 3329 quae
1837 3244 2185 3329 aliquando
2214 3246 2478 3310 fuerunt
2515 3246 2589 3310 in
2616 3254 2855 3312 tenura

571 3331 834 3396 Ricardi
861 3331 942 3395 de
972 3331 1262 3395 Kellow:
1304 3330 1579 3396 habend.
1614 3336 1682 3395 et
1710 3332 1964 3396 tenend.
1997 3330 2207 3397 eidem
2240 3332 2500 3398 Oeoiliae
2528 3333 2612 3397 ad
2640 3340 2855 3398 totam

572 3418 777 3483 vitam
823 3436 1010 3481 suam
1056 3422 1133 3481 ut
1184 3416 1264 3482 de
1303 3419 1450 3500 jure
1497 3417 1767 3482 viduae·
1801 3418 2166 3483 ·''Gresma
2227 3425 2314 3483 23.
2366 3418 2578 3482 6ᾶ.-
2604 3419 2854 3485 0331113

571 3505 706 3569 filia
743 3503 850 3588 pd.
878 3502 1198 3568 willelmi
1226 3524 1286 3568 v.
1318 3503 1425 3568 hic
1466 3505 1540 3568 in
1583 3505 1762 3569 curia
1790 3511 1854 3569 et
1897 3505 2072 3589 cepit
2113 3525 2319 3570 unum
2348 3506 2675 3606 cotagium
2704 3512 2771 3571 et
2800 3508 2851 3591 ij

571 3613 748 3657 acras
776 3599 962 3658 terrae
1004 3590 1237 3654 ultimo
1276 3589 1349 3653 in
1375 3596 1605 3655 tenura
1646 3592 1849 3674 patris
1879 3592 1982 3656 331
2011 3597 2080 3656 et
2121 3590 2519 3675 aliquando
2499 3614 2573 3655 111
2616 3598 2855 3658 tenura

572 3678 836 3746 Roberti
882 3677 1091 3742 Brak·
1148 3676 1420 3742 habend.
1469 3678 1542 3741 in
1585 3679 1731 3761 jure
1784 3698 1860 3742 eo
1905 3679 2082 3762 quod
2131 3679 2352 3742 nullus
2402 3678 2485 3744 de
2530 3681 2853 3764 sanguine

569 3768 776 3850 ipsius
834 3763 1152 3830 willelmi
1208 3764 1394 3829 finire
1443 3764 1656 3829 voluit
1712 3783 1827 3848 pro
1888 3765 2189 3829 eisdem·
2221 3765 2456 3830 -Gres'
2460 3785 2528 3828 m
2531 3766 2587 3829 'a
2649 3772 2739 3831 28.
2760 3804 2851 3815 -

573 3854 952 3936 Injunctum
980 3857 1081 3917 est
1123 3851 1424 3915 omnibus
1465 3851 1841 3917 tenentibus
1871 3851 2047 3915 villae
2089 3872 2173 3916 ne
2217 3852 2365 3935 quis
2406 3871 2631 3916 eorum
2660 3861 2857 3919 vocat

571 3939 709 4023 [sic]
741 3939 994 4002 nativos
1038 3937 1284 4001 domini
1326 3937 1601 4002 rusticos
1644 3938 1766 4002 sub
1810 3958 2004 4021 poena
2033 3959 2120 4001 xx
2166 3938 2349 4002 solid.
2372 3972 2461 3984 —-
2483 3939 2857 4023 Margareta

568 4023 978 4108 Simdoghter
1019 4024 1191 4106 cepit
1226 4025 1254 4107 3
1288 4025 1611 4108 cotagium
1654 4031 1720 4089 et
1763 4024 1810 4108 ij
1858 4044 2035 4090 acras
2078 4030 2265 4089 terrae
2295 4045 2440 4108 quae
2477 4024 2749 4091 fuerunt
2777 4028 2852 4090 in

565 4118 797 4175 tenura
846 4110 1124 4194 Magotae
1169 4109 1463 4175 Homer:
1521 4110 1793 4176 habend.
1838 4118 1905 4176 et
1947 4111 2204 4176 tenend.
2258 4111 2342 4175 ad
2392 4116 2597 4176 totam
2642 4112 2853 4177 vitam

568 4215 754 4262 suam
781 4201 858 4260 ut
884 4196 956 4259 in
976 4196 1124 4279 331-3
1156 4232 1181 4244 -
1214 4232 1239 4244 -
1272 4196 1580 4263 Gres'm'a
1613 4198 1753 4263 12d.

663 4372 843 4433 1378.
878 4369 966 4432 ΙΙ.
970 4367 1270 4432 —Heb'n
1324 4369 1396 4432 in
1441 4370 1681 4434 festum
1733 4371 1793 4436 S
1841 4370 2048 4447 Lucae,
2088 4390 2301 4435 coram
2353 4370 2633 4434 dominis
2683 4371 2853 4436 Wil-

565 4455 761 4518 lelmo
821 4455 901 4518 de
944 4453 1237 4534 Aslakby
1280 4461 1444 4530 terr„
1489 4455 1736 4519 Th0ma
1794 4457 1993 4539 Legat
2043 4457 2236 4533 burs„
2281 4456 2530 4521 Th0ma
2576 4457 2857 4543 Surtays

569 4559 718 4613 sen„
749 4539 1048 4603 <Iohanne
1079 4539 1158 4602 de
1189 4538 1384 4602 Eluet
1413 4546 1480 4602 et
1509 4539 1673 4604 31113.
