3042 5034
194 459 225 516 l
242 459 283 516 3
295 459 334 516 6
344 460 398 517 4.
740 468 1057 516 HALMOTA
1086 468 1450 516 PRIORATUS
1480 467 1963 517 DUNELMENSIS.
2404 460 2439 517 2
2449 458 2484 516 9

186 626 425 690 whose
453 626 634 689 coins
663 630 922 708 present
948 644 1124 689 some
1168 624 1647 710 peculiarities.]
1734 625 2010 690 Thomas
2040 625 2120 690 de
2150 625 2485 710 Anneslay

186 714 383 796 cepit
428 712 575 775 mis’
622 711 763 795 [sio]
815 717 881 775 et
920 713 1075 794 xxxj
1128 711 1357 794 [acras]
1411 719 1595 775 terrae
1638 732 1784 795 quae
1827 712 2092 775 fuerunt
2133 713 2206 776 in
2255 719 2486 777 tenura

185 800 238 863 J
244 798 537 862 ohannis
589 798 1006 861 Fischeman:
1051 797 1322 861 habend'
1374 804 1440 861 et
1482 799 1740 862 tenend’
1785 798 1868 861 ad
1909 805 2090 863 term.
2120 800 2275 863 vitae
2317 819 2484 863 suae:

188 885 379 948 redd.
405 905 467 967 p.
493 905 547 947 a.
583 890 715 947 l3s.
753 884 893 947 lod.
919 890 985 947 et
1008 883 1300 948 faciendo
1333 883 1527 968 [etc.].
1603 884 1891 948 Gres'ma
1913 886 2325 950 condonatur.
2400 886 2487 950 Et

185 971 483 1054 incipiet
512 970 760 1034 solvere
787 970 872 1033 ad
899 969 1137 1034 festum
1168 970 1350 1035 Pent.
1380 991 1551 1034 anno
1581 978 1701 1035 etc.
1735 971 1937 1055 lxvjw.
2025 971 2109 1034 Et
2133 973 2192 1036 si
2212 973 2487 1036 semina-

190 1058 308 1121 bit
336 1057 592 1139 aliquid
633 1076 855 1121 semen
883 1056 1428 1140 quadragesimale
1471 1077 1642 1120 anno
1684 1057 1921 1134 futuro,
1951 1057 2161 1123 solvet
2197 1079 2312 1143 pro
2343 1078 2489 1122 acra

190 1151 405 1227 prout
434 1143 609 1207 valet
636 1143 992 1207 secundum
1020 1143 1477 1207 discrecionem
1507 1143 1664 1208 Jur’.

291 1231 751 1293 anssusm'r.
840 1228 1049 1292 Adam
1082 1229 1256 1313 [etc]
1287 1236 1595 1313 ceperunt
1625 1229 1798 1314 [etc]
1888 1230 2214 1313 Incipient
2241 1231 2488 1295 solvere

192 1317 289 1380 ad
322 1316 569 1380 festum
599 1316 780 1379 Pent.
825 1335 995 1378 anno
1038 1314 1243 1398 lxvjw,
1272 1322 1338 1379 et
1379 1317 1438 1379 si
1481 1316 1940 1380 seminaverint
1983 1337 2202 1382 semen
2229 1318 2488 1381 vernale

195 1404 533 1486 incipient
561 1401 808 1466 solvere
836 1402 920 1465 ad
948 1402 1189 1465 festum
1219 1402 1491 1465 Martini
1520 1422 1690 1466 anno
1719 1402 1882 1466 lwi
1912 1439 1939 1451 ·
1968 1440 1992 1452 ·

297 1490 743 1553 WOLUssSTON.
819 1488 881 1571 [“
905 1487 1271 1552 Willelmus
1302 1488 1388 1550 ffl’
1419 1489 1840 1571 Faeronson
1862 1490 1894 1515 ”
1925 1510 1963 1552 a
1986 1491 2181 1572 juror.
2255 1496 2289 1522 “
2313 1490 2489 1553 Fair-

197 1578 364 1652 Jon,
394 1574 768 1639 Willelmus
791 1574 964 1638 filius
994 1574 1196 1638 suus'’
1220 1574 1347 1637 and
1376 1581 1411 1607 “
1436 1575 1808 1639 Willelmus
1832 1575 2232 1641 FairJonson
2254 1576 2288 1603 '’
2311 1596 2490 1639 men-

196 1662 436 1727 tioned
479 1660 901 1743 afterwards]
947 1696 975 1708 -
1005 1697 1032 1709 -
1076 1660 1347 1742 incipiet
1389 1660 1634 1725 solvere
1679 1661 1762 1725 ad
1805 1662 2043 1725 festum
2090 1662 2272 1726 Pent.
2319 1682 2489 1725 anno

199 1757 331 1813 etc.
360 1748 533 1811 lxv„
559 1785 587 1793 -
625 1784 653 1796 -
677 1786 763 1795 —
787 1747 1168 1830 Injunctum
1199 1752 1299 1811 est
1329 1747 1798 1811 Communitati
1827 1747 2004 1811 viuae
2034 1747 2209 1830 quod
2247 1747 2490 1811 faciant

200 1835 309 1901 les
336 1834 646 1917 lonyngis
668 1835 862 1916 juxta
893 1833 1182 1916 Ryakers
1212 1870 1241 1882 -
1271 1870 1300 1879 -

300 1922 597 1986 COUPON.
685 1920 788 1983 De
816 1920 981 2003 Agn'
1013 1919 1257 1984 Postell
1284 1924 1352 1983 et
1379 1919 1595 1983 Alicia
1623 1919 1703 1984 de
1733 1918 2049 2002 Bellasyis
2078 1918 2233 2002 quia
2261 1920 2494 1983 nolunt

200 2008 494 2073 vendere
521 2006 645 2090 lag'
674 2005 891 2090 potell’
922 2011 988 2069 et
1016 2006 1223 2089 quart'
1253 2006 1597 2089 inquirent’
1628 2005 1852 2070 cervis’
1881 2013 2073 2089 prout
2094 2011 2493 2089 compertum

201 2101 315 2159 est
343 2114 460 2177 per
487 2097 842 2169 tastatores,
883 2092 965 2156 de
1008 2092 1313 2175 qualibet,
1362 2092 1460 2157 sd.
1483 2127 1571 2137 —
1592 2093 1638 2157 ,J
1641 2093 1925 2157 ohannes
1955 2092 2285 2157 Woderoff
2321 2093 2496 2177 cepit

202 2201 424 2245 unum
456 2180 776 2263 cotagium
804 2183 870 2243 et
912 2179 981 2241 ix
1025 2199 1201 2243 acras
1244 2184 1427 2242 terrae
1456 2199 1602 2262 quae
1645 2179 1961 2244 Robertus
2006 2180 2270 2244 Peisson
2313 2180 2492 2263 prius

200 2267 449 2342 tenuit,
478 2286 625 2349 quae
651 2270 807 2329 sunt
835 2265 914 2328 de
941 2270 1110 2328 terra
1137 2264 1398 2328 Thomae
1435 2264 1559 2328 filii
1603 2265 1862 2330 Ricardi
1891 2267 1971 2330 de
2001 2267 2165 2350 Fery
2196 2266 2492 2331 existent.

204 2355 286 2417 in
331 2373 536 2416 manu
580 2351 847 2414 Domini
897 2351 1151 2415 racione
1198 2350 1508 2415 custodiae
1551 2371 1699 2415 cum
1741 2352 1836 2435 iiij
1883 2352 2106 2416 romm’
2150 2352 2494 2416 reddend':

204 2439 491 2504 habend'
524 2446 591 2503 et
617 2438 873 2501 tenend'
903 2437 987 2500 ad
1014 2437 1273 2520 plenam
1302 2441 1559 2501 aetatem
1588 2438 1839 2503 heredis
1876 2439 2170 2522 praedicti
2197 2439 2493 2502 Thomae:

206 2526 390 2590 redd
421 2545 539 2609 pro
566 2523 874 2608 praedicto
916 2524 1191 2624 cotug-io·
1211 2530 1278 2588 et
1318 2530 1489 2588 terra
1538 2530 1664 2589 los.
1712 2524 1813 2590 sd.
1842 2532 1910 2589 et
1949 2546 2065 2609 pro
2108 2526 2333 2588 romm’
2369 2531 2493 2588 2s.:

211 2612 513 2677 faciendo
558 2611 841 2674 Domino
884 2616 951 2674 et
992 2610 1229 2674 vicinis
1272 2630 1417 2693 quae
1460 2610 1865 2686 incumbunt,
1907 2632 2023 2694 per
2064 2611 2288 2695 plsg'-
2317 2611 2493 2674 -De

215 2699 399 2764 Gres'
402 2718 528 2774 ma,
577 2703 706 2761 los.
755 2697 855 2761 3d.
951 2696 1029 2779 [“
1047 2697 1150 2760 De
1192 2696 1408 2760 warda
1449 2697 1700 2761 heredis
1744 2696 2004 2761 Thomas
2046 2697 2127 2761 de
2169 2697 2336 2778 Fery
2378 2717 2494 2780 pro

211 2787 405 2850 terris
449 2786 523 2848 in
565 2784 733 2866 Fery
761 2790 828 2847 et
871 2783 1157 2867 Coup0n‚
1200 2783 1538 2847 annuatim
1585 2789 1717 2847 54s.
1757 2783 1875 2859 sd„
1919 2782 2073 2847 inde
2115 2802 2368 2846 summa
2410 2782 2494 2846 ab

214 2892 391 2936 anno
442 2871 601 2934 Dni.
660 2874 823 2933 1364
876 2889 993 2952 per
1036 2870 1144 2952 xvj
1196 2889 1414 2947 annos,
1470 2874 1551 2933 43
1593 2869 1635 2934 l.
1694 2874 1836 2932 l4s.
1874 2867 2496 2944 sd.”-11⁷eodarium,

214 2980 279 3042 p.
322 2962 357 3022 7
366 2963 423 3023 9
513 2957 854 3039 “Recepta
894 2955 976 3019 de
1004 2955 1262 3019 Wardis
1307 2961 1448 3031 etc„
1477 2955 1847 3019 tenencium
1878 2953 1957 3017 de
1999 2953 2186 3017 feodo
2229 2953 2498 3017 Domini

215 3045 460 3109 Prioris
491 3042 795 3106 Dunelm.
824 3062 941 3125 per
971 3041 1314 3106 servicium
1345 3006 1663 3105 militare!
1665 3040 1710 3124 ']

303 3132 372 3195 N
370 3145 624 3195 RUTON
628 3130 890 3193 BEULW.
980 3129 1081 3192 De
1118 3128 1410 3193 Gilberto
1440 3127 1574 3191 filio
1605 3126 1838 3209 Rogeri
1868 3133 1934 3190 et
1964 3127 2009 3190 J
2012 3125 2270 3190 ohanna
2297 3145 2496 3190 uxore

217 3220 361 3302 ejus
401 3216 765 3282 executrice
792 3215 1165 3279 testamenti
1192 3213 1515 3280 Johanm's
1547 3213 1613 3276 N
1614 3212 1767 3278 icoll
1810 3213 2135 3296 quondam
2177 3213 2302 3277 viri
2331 3213 2494 3276 Wil-

214 3304 401 3369 lelmi
430 3302 728 3385 Raynald
763 3302 975 3385 [--sw‚
1003 3301 1124 3365 but
1153 3300 1370 3365 unless
1398 3302 1530 3363 viri
1558 3320 1778 3364 means
1805 3306 2065 3383 partner
2092 3299 2205 3365 the
2235 3300 2497 3384 reading

217 3389 604 3490 apparently
621 3387 857 3452 should
875 3387 1011 3452 be“
1028 3387 1155 3449 viri
1176 3388 1281 3451 sui
1299 3391 1364 3451 et
1372 3386 1725 3451 Willelmo'
1728 3386 1860 3470 '--]
1879 3386 2034 3471 quia
2055 3408 2186 3451 non
2202 3387 2498 3451 fecerunt

209 3479 239 3561 j
270 3476 603 3561 grangiam
634 3473 1011 3558 quondam
992 3493 1063 3536 in
1107 3480 1336 3537 tenura
1373 3472 1439 3535 N
1438 3472 1674 3537 1chola1
1704 3472 1783 3536 de
1828 3473 2251 3537 Hetheworth
2294 3473 2498 3556 patris

217 3562 513 3647 praedicti
540 3562 586 3626 J
591 3560 862 3624 ohannis
888 3580 1083 3643 quam
1126 3558 1416 3642 praedicti
1445 3560 1490 3623 J
1494 3558 1778 3623 ohannes
1807 3565 1873 3623 et
1905 3558 2271 3623 Willelmus
2316 3579 2498 3642 cepe-

217 3656 374 3713 runt
403 3648 806 3732 conjunctim
835 3648 956 3710 sub
1002 3645 1122 3709 tali
1151 3644 1529 3709 condicione
1559 3645 1732 3729 quod
1762 3646 2138 3727 praedictam
2165 3645 2495 3726 grangiam

220 3736 493 3800 facerint
522 3733 702 3817 [sic]:
730 3732 934 3797 nichil
961 3732 1114 3795 inde
1144 3731 1451 3807 fecerunt,
1481 3732 1563 3796 de
1584 3751 1776 3815 poena
1793 3732 1876 3794 di.
1908 3750 2155 3805 marcae,
2178 3750 2258 3793 ex
2287 3730 2499 3829 gracia

229 3823 370 3887 l2d.
445 3822 532 3885 Et
560 3822 932 3903 injunctum
962 3823 1062 3883 est
1092 3818 1265 3901 quod
1296 3817 1652 3900 repatiatur
1682 3818 1822 3901 [sio]
1855 3816 2015 3880 citra
2044 3835 2219 3899 prox,
2253 3817 2497 3879 curiam

219 3906 343 3973 sub
386 3928 583 3991 poena
625 3906 709 3970 dr
742 3925 986 3970 marcae.
1076 3905 1288 3968 Adam
1331 3904 1412 3967 de
1456 3904 1737 3978 Marton,
1781 3901 2151 3967 Willelmus
2199 3903 2501 3985 Raynald

221 4001 288 4059 et
315 3997 360 4060 J
363 3995 650 4059 ohannes
681 3993 762 4056 de
800 3992 1173 4074 Banmburg
1209 3990 1609 4074 [Willelmus
1651 3953 1825 4052 filius
1855 3988 2102 4071 Rogeri,
2130 3989 2498 4054 Willelmus

220 4081 393 4145 filius
416 4080 702 4156 Roberti‚
718 4079 765 4143 J
767 4077 1052 4142 ohannes
1071 4077 1152 4141 de
1174 4078 1240 4140 N
1242 4082 1472 4152 ewton
1496 4076 1816 4140 Robertus
1837 4077 1884 4141 J
1887 4075 2109 4153 akson
2124 4075 2498 4140 willelmus

220 4168 392 4232 filius
459 4168 710 4230 Emmae
767 4164 1062 4247 inserted]
1124 4168 1190 4227 et
1247 4183 1469 4226 omnes
1538 4167 1833 4226 tenentes
1891 4161 2030 4225 vill’
2090 4163 2171 4227 de
2234 4163 2300 4225 N
2302 4168 2496 4227 euton

221 4255 449 4319 Beulw
501 4259 814 4336 ceperunt
866 4270 1067 4313 unam
1124 4251 1374 4331 peciam
1418 4256 1605 4312 terrae
1658 4268 1803 4331 quae
1847 4253 2111 4312 vocatur
2159 4248 2224 4312 le
2263 4248 2499 4330 Broyk,

220 4350 282 4406 et
310 4360 517 4405 unam
545 4338 799 4421 peciam
843 4342 1028 4400 terrae
1064 4356 1210 4418 quae
1254 4340 1522 4399 vocatur
1558 4333 2147 4432 Westlangtliorpp,
2193 4340 2258 4397 et
2301 4353 2499 4395 unam

213 4430 463 4515 peciam
484 4446 634 4510 quae
653 4431 921 4488 vocatur
938 4422 1468 4506 Estlangthorpp,
1491 4428 1558 4485 et
1577 4441 1772 4485 unam
1798 4420 2042 4502 peciam
2067 4439 2212 4502 quse
2234 4423 2501 4481 vocatur
