3042 5034
219 510 414 569 1376.
753 521 1074 570 1111110111
1103 521 1474 570 ramam-us
1502 521 1984 571 nnNsLMnNffls.
2391 511 2509 571 137

211 684 286 742 et
314 678 578 742 tenend.
610 677 694 741 ad
722 683 904 743 term.
935 679 1091 743 vitae
1120 699 1256 744 suas
1283 685 1360 743 ut
1390 679 1472 744 de
1502 679 1649 762 jure
1677 680 1928 743 viduae:
1970 678 2142 744 redd.
2173 699 2289 763 pro
2332 684 2511 745 tene-

211 765 416 829 ment'
449 771 517 829 et
546 765 683 847 xxij
717 766 882 829 acris
910 770 1098 830 terrae
1138 766 1436 849 scaccarij
1482 786 1545 849 p.
1576 787 1631 830 a.
1666 771 1754 829 3s.
1787 765 1961 848 quod
2003 767 2184 850 prius
2226 766 2511 830 reddidit

217 858 309 915 28.
347 851 452 916 8d.
540 852 630 915 Et
656 872 772 935 pro
801 851 917 935 viij
953 852 1117 916 acris
1147 851 1227 919 de
1257 858 1428 917 terra
1457 850 1769 916 Hostilar'
1799 852 1994 916 faciet
2022 852 2291 935 antiqua
2319 873 2511 936 opera

213 945 284 1002 et
327 937 603 1002 servicia
645 946 840 1022 prout
882 940 929 1004 J
931 939 1216 1003 ohannes
1247 939 1468 1003 Walas
1512 938 1692 1022 prius
1735 938 2019 1003 reddidit
2062 944 2128 1002 et
2170 939 2343 1015 fecit,
2386 940 2505 1005 viz.

213 1045 337 1108 pro
387 1045 535 1089 acra
593 1025 795 1089 15d.-
838 1062 869 1071 -
913 1025 1221 1090 Gres'm'a
1265 1063 1293 1074 -
1338 1062 1366 1074 -
1415 1031 1547 1089 20s.
1573 1025 1951 1091 —Juliana
1999 1024 2138 1089 filia
2187 1025 2509 1091 Johannis

212 1111 470 1175 Wallas
514 1112 687 1194 cepit
708 1113 735 1195 j
770 1112 1095 1196 cotagium
1124 1120 1191 1177 et
1218 1113 1283 1195 vj
1317 1132 1494 1176 acras
1525 1117 1711 1177 terrae
1754 1112 1984 1175 ultimo
2029 1111 2100 1174 in
2142 1119 2372 1177 tenura
2398 1113 2506 1196 pd.

213 1199 266 1263 J
269 1198 546 1261 ohannis
577 1199 778 1281 patris
809 1199 913 1281 pd.
946 1200 992 1263 J
994 1198 1230 1263 ulianae
1258 1222 1272 1261 ε
1315 1197 1585 1262 habend.
1620 1205 1687 1263 et
1729 1197 1984 1263 tenend.
2017 1197 2098 1262 ad
2142 1204 2324 1262 term.
2355 1199 2509 1262 vitae

217 1305 394 1348 suae:
437 1284 609 1349 redd.
658 1285 730 1348 in
772 1285 1073 1349 omnibus
1117 1290 1311 1368 prout
1353 1285 1459 1368 pd.
1505 1285 1552 1347 J
1553 1284 1839 1350 ohannes
1884 1286 2066 1369 prius
2109 1284 2397 1350 reddidit
2442 1291 2512 1350 et

217 1372 385 1436 fecit
414 1408 443 1419 -
472 1408 502 1417 -
531 1371 858 1448 Gres'm'a‚
887 1378 954 1436 et
981 1372 1196 1448 habet,
1229 1377 1317 1436 68.
1352 1372 1453 1435 sd.

307 1458 379 1521 N
375 1473 632 1522 A‘nvus,
722 1458 1139 1541 Compertum
1184 1465 1284 1522 est
1326 1477 1440 1540 per
1483 1465 1954 1523 sacramentum
1984 1456 2303 1523 Willelmi
2346 1458 2508 1536 Bell,

215 1544 486 1608 Thomas
514 1545 702 1627 Page,
746 1545 981 1628 Rogeri
1009 1543 1228 1621 Ward,
1271 1544 1533 1607 Thomae
1578 1544 1697 1607 filii
1724 1544 1936 1621 Alani,
1967 1545 2233 1609 Roberti
2272 1544 2506 1622 Smith,

217 1630 547 1696 willelmi
589 1630 711 1694 filii
743 1631 1061 1714 Hugonis,
1100 1632 1146 1696 J
1149 1629 1423 1695 ohannis
1467 1630 1589 1693 filii
1625 1630 1806 1708 Adae,
1846 1631 2132 1706 senioris,
2181 1632 2229 1696 J
2231 1631 2506 1696 ohannis

219 1717 412 1793 Lord,
452 1723 520 1782 et
547 1717 711 1781 Eliae
741 1719 987 1794 Rauen,
1016 1717 1191 1801 quod
1235 1718 1281 1782 J
1283 1717 1570 1781 ohannes
1601 1718 1954 1801 Brounnyg
1981 1716 2154 1780 filius
2184 1718 2230 1782 J
2232 1717 2506 1781 ohannis

221 1805 577 1888 Bronnyng
606 1803 686 1867 de
717 1804 973 1867 Harton
1002 1809 1102 1869 est
1131 1804 1391 1867 nativus
1421 1802 1667 1867 domini
1699 1803 1937 1868 Prioris
1967 1809 2036 1866 et
2062 1803 2202 1886 ipse
2231 1808 2299 1868 st
2327 1809 2506 1869 ante·

218 1911 500 1956 sessores
517 1892 622 1955 sui
651 1890 847 1973 hujus
877 1889 1271 1954 condicionis
1300 1890 1567 1954 fuerunt
1594 1909 1634 1953 a
1663 1897 1948 1973 tempore
1976 1909 2104 1973 quo
2136 1909 2265 1953 non
2293 1895 2510 1954 exstat

219 1977 550 2041 memoria.
638 1977 798 2041 Ideo
821 1979 1113 2061 capiatur
1132 1976 1237 2061 pd.
1268 1977 1314 2041 J
1315 1977 1621 2040 ohannes.
1708 1976 1795 2038 Et
1815 1981 2040 2059 postea
2059 1976 2242 2040 venit
2259 1982 2327 2041 et
2353 1977 2509 2041 fecit

221 2063 606 2128 fidelitatem
664 2064 927 2128 domino
985 2069 1178 2146 prout
1238 2063 1321 2126 ad
1382 2063 1677 2126 nativum
1735 2062 2035 2146 pertinet,
2094 2068 2162 2127 et
2211 2063 2507 2128 concedit

221 2150 476 2215 solvere
504 2150 765 2214 domino
799 2156 887 2214 2s.
917 2149 1256 2214 annuatim
1284 2149 1368 2213 ad
1396 2149 1784 2213 scaccarium
1824 2169 2012 2213 suum
2059 2149 2360 2215 Dunelm.
2393 2170 2507 2234 per

222 2257 462 2301 manus
505 2257 655 2301 suas
698 2236 989 2320 proprias
1033 2237 1116 2301 ad
1159 2237 1299 2300 fest.
1333 2236 1515 2300 Pent.
1547 2240 1614 2299 et
1642 2235 1705 2301 S.
1750 2235 2021 2299 Martini
2058 2237 2129 2300 in
2158 2237 2363 2302 Yeme
2390 2257 2507 2320 per

222 2324 491 2407 equales
520 2323 852 2407 porciones
884 2323 987 2407 [in
1014 2324 1113 2386 the
1139 2324 1396 2405 maryi‘n
1424 2328 1458 2355 ‘⁶
1476 2322 1777 2398 Albania,
1800 2322 1846 2405 ij
1881 2323 1965 2387 s.'’
1996 2324 2135 2387 vide
2163 2323 2506 2401 Dufresne,

219 2412 335 2474 aab
362 2410 560 2495 voce]:
602 2409 973 2492 incipiendo
1001 2409 1248 2473 solvere
1277 2409 1359 2472 ad
1402 2409 1643 2472 festum
1688 2409 1868 2473 Pent.
1899 2430 2076 2492 prox.
2106 2410 2304 2474 futur.
2348 2431 2502 2494 quo-

220 2518 434 2580 usque
463 2497 763 2561 dominus
793 2497 874 2560 de
903 2495 1127 2560 eodem
1170 2494 1352 2559 aliud
1380 2495 1638 2559 duxerit
1681 2494 2154 2579 disponendum
2196 2496 2324 2560 nisi
2367 2497 2507 2581 ipse

220 2584 433 2667 possit
477 2582 763 2667 legitime
814 2582 1080 2666 probare
1123 2602 1320 2665 quare
1362 2581 1596 2647 debeat
1638 2602 1678 2645 a
1719 2583 1826 2666 pd.
1875 2584 2187 2647 servitute
2232 2582 2505 2649 liberari.

221 2672 314 2735 Et
343 2669 428 2734 ad
456 2668 856 2734 solucionem
883 2667 1098 2732 medio
1127 2675 1412 2751 tempore
1440 2675 1515 2732 ut
1543 2667 1914 2751 praedicitur
1941 2668 2307 2733 faciendum
2329 2671 2506 2752 jura-

220 2757 326 2822 bit
375 2757 571 2821 tactis
624 2756 1044 2821 sacrosanctis
1096 2755 1463 2838 ewangeliis
1510 2754 1682 2838 apud
1722 2755 2133 2837 Wyuestowe
2162 2755 2268 2819 die
2305 2757 2502 2821 Merc.

219 2845 294 2906 in
324 2844 536 2927 prima
556 2842 1058 2926 quadragesimae
1080 2856 1205 2905 Λα).
1238 2841 1583 2905 millesimo
1607 2849 1790 2904 ccc¹¹²⁰
1808 2841 2281 2924 septuagesimo
2304 2849 2508 2919 sext0,

220 2930 653 3013 praesentibus
708 2929 968 2994 domino
1010 2927 1342 2993 Willelmo
1387 2927 1467 2993 de
1509 2926 1805 3010 Aslakby
1852 2933 2018 3003 terr„
2047 2927 2380 2992 Willelmo
2424 2929 2504 2993 de

222 3018 483 3081 Nor-ton
514 3017 681 3080 mon'
716 3016 913 3100 [etc.].

313 3103 625 3167 SCHBLES.
738 3102 863 3167 Isti
915 3107 1070 3165 sunt
1116 3101 1306 3166 electi
1352 3098 1435 3164 ad
1486 3098 1745 3164 sedend’
1792 3100 1873 3164 ad
1930 3101 2126 3183 prox',
2187 3101 2504 3167 Robertus

223 3190 441 3266 Swan,
459 3190 505 3254 J
507 3190 792 3254 ohannes
814 3190 1180 3273 Tyngryng‚
1203 3188 1519 3252 Robertus
1542 3186 1814 3270 Vttyng,
1832 3190 1898 3250 et
1917 3187 1965 3251 J
1967 3186 2253 3252 ohannes
2277 3188 2503 3253 Baron.

313 3276 890 3340 WEST-RAYNTON.
980 3276 1086 3339 De
1116 3274 1361 3339 Cecilia
1403 3273 1541 3337 filia
1583 3273 1760 3337 Petri
1805 3274 1886 3338 de
1914 3274 2154 3359 Wigby
2185 3295 2301 3358 pro
2343 3296 2506 3340 mer-

223 3361 418 3427 cheto
455 3361 596 3426 12d.
684 3363 789 3427 De
834 3361 1031 3426 Isold'
1062 3361 1198 3425 filia
1241 3360 1536 3444 praedicti
1566 3359 1743 3424 Petri
1785 3381 1901 3444 pro
1946 3361 2286 3428 mercheto.
2378 3363 2505 3447 [No

221 3456 508 3532 separate
534 3469 678 3513 aum
705 3448 1100 3531 mutiomd]
1190 3448 1284 3511 Pl.
1316 3446 1491 3510 idem
1521 3446 1752 3511 Petrus
1776 3446 1931 3531 quia
1953 3448 2106 3532 [eos,
2127 3450 2230 3526 sio,
2259 3453 2507 3514 written

222 3536 431 3619 above]
464 3535 796 3599 maritavit
825 3541 895 3599 et
922 3534 1297 3619 praedictam
1328 3533 1414 3597 Is'
1438 3540 1622 3597 extra
1650 3533 1894 3598 villam.
1919 3573 2004 3583 —
2027 3535 2303 3601 Thomas
2332 3537 2505 3601 fflius

220 3622 270 3686 J
271 3621 550 3686 ohannis
595 3622 717 3685 filii
760 3621 995 3685 Viduae
1038 3621 1260 3706 cepitj
1294 3619 1685 3704 bondagium
1731 3622 1871 3685 sine
1922 3622 2118 3685 stuffo
2163 3622 2395 3686 ultimo
2435 3624 2507 3687 in

223 3714 459 3773 tenura
488 3709 666 3773 Petri
686 3707 920 3791 Smyth
944 3709 1269 3791 quondam
1290 3707 1362 3770 in
1384 3712 1615 3771 tenura
1637 3707 1936 3790 Hugonis
1958 3707 2168 3770 Vlkill
2190 3731 2204 3770 ε
2233 3707 2505 3773 habend.

224 3801 292 3859 et
332 3796 591 3860 tenend.
624 3795 705 3859 ad
749 3800 931 3859 term.
964 3795 1118 3858 vitae
1160 3814 1325 3858 suae:
1370 3792 1544 3858 redd.
1588 3814 1703 3877 pro
1747 3793 2049 3857 omnibus
2093 3795 2396 3876 operibus
2440 3805 2509 3861 et

222 3881 515 4033 ami?
534 3879 1534 4032 ἕω..
1557 3886 1829 4049 ,Ἥ
1890 3885 2036 4030 ¹⁵03·
2081 3965 2491 4053 ω...

224 4055 424 4137 Hugo
465 4054 679 4117 Vlkin
724 4054 1137 4137 respondebit
1175 4055 1256 4119 de
1301 4053 1486 4116 firma
1531 4052 1723 4136 [etc.].
1747 4089 1836 4100 —
1854 4053 2231 4137 Injunctum
2263 4062 2362 4120 est
2382 4058 2506 4141 jur.

222 4149 293 4207 et
321 4142 368 4206 J
370 4140 616 4205 ohanni
645 4141 919 4205 Freman
950 4148 1018 4205 et
1061 4139 1332 4204 Ricardo
1363 4139 1744 4222 Wydouson
1780 4141 1953 4223 quod
1988 4140 2255 4205 videant
2297 4149 2366 4207 et
2408 4144 2509 4207 in-

220 4228 494 4312 quirant
536 4227 744 4292 edific’
789 4233 857 4292 et
900 4235 1134 4291 terram
1187 4225 1417 4290 ultimo
1472 4226 1543 4289 in
1593 4232 1825 4291 tenura
1876 4227 2053 4291 Petri
2105 4228 2340 4312 Smyth
2392 4250 2510 4313 per

218 4335 421 4399 quam
449 4334 775 4378 summam
803 4315 1056 4398 possint
1082 4313 1380 4397 reparari.

310 4403 761 4466 MORESLAWE.
852 4400 1186 4466 Gilbertus
1208 4399 1516 4464 Vncouth
1546 4398 1742 4463 habet
1772 4400 1859 4483 vij
1894 4419 2069 4483 spers
2088 4406 2155 4463 et
2175 4401 2221 4463 J
2224 4399 2509 4465 ohannes

215 4487 536 4555 Vncouth
591 4487 657 4570 xj
718 4508 898 4571 spers
961 4488 1041 4553 de
1094 4488 1121 4570 j
1187 4506 1355 4550 nova
1413 4486 1605 4549 domo
1664 4485 1962 4549 edificata
2008 4506 2124 4568 per
2174 4485 2507 4549 dominum
