3042 5034
575 517 603 574 1
622 518 698 574 18
1094 523 1408 572 namon
1438 522 1809 572 PmoRArus
1840 522 2320 573 DUNELMBNSIS.
2661 512 2688 568 1
2703 511 2748 569 3
2760 508 2799 568 7
2805 510 2868 568 3.

575 683 672 746 6d.
696 722 784 732 —
804 683 908 747 De
966 681 1298 747 Willelmo
1358 681 1583 746 Carter
1639 681 1796 764 quia
1852 680 2150 746 vendidit
2207 681 2505 764 lagenam
2561 679 2871 744 cervisiae

570 772 781 834 carius
811 790 1007 853 quam
1030 771 1057 852 j
1084 768 1161 846 d.‚
1192 768 1271 832 de
1301 768 1739 832 misericordia
1776 768 1917 832 l2d.
1947 807 2034 817 ——
2052 768 2154 832 De
2173 768 2421 851 Roget-o
2444 767 2666 832 Cartei-
2691 765 2870 849 quia

572 859 730 920 emit
760 857 1099 922 cervisiam
1127 855 1283 918 alibi
1326 875 1520 938 qnam
1553 855 1625 918 in
1654 854 1814 918 villa
1840 855 2117 938 propria,
2149 855 2271 930 6d.,
2298 853 2697 918 condonatur
2737 871 2871 935 per

571 945 926 1008 terrarium.
951 982 1038 991 —
1060 943 1162 1005 De
1190 942 1436 1006 Thoma
1457 940 1750 1005 Widowe
1773 942 1887 1025 qui
1917 943 2076 1005 emit
2104 941 2443 1005 cervisiam
2471 941 2546 1003 in
2568 938 2868 1004 Sunder-

570 1031 727 1095 land
787 1035 853 1094 et
909 1028 1298 1093 Wermouth
1357 1033 1541 1092 extra
1614 1026 1994 1104 dominium,
2058 1027 2155 1092 6d.
2180 1063 2268 1074 —
2290 1028 2678 1111 Injunctum
2749 1030 2868 1089 est

573 1117 872 1180 omnibus
919 1114 1495 1180 tenentibusvillae
1541 1114 1714 1197 quod
1757 1115 1978 1178 nullus
2023 1135 2246 1179 eorum
2286 1119 2466 1178 emat
2508 1113 2864 1178 cervisiam

573 1210 758 1267 extra
800 1202 1176 1266 dominium.
1200 1240 1288 1250 —
1310 1201 1413 1266 De
1455 1201 1701 1264 Thoma
1749 1201 1878 1265 filio
1906 1201 2121 1266 viduae
2165 1200 2317 1285 [one
2345 1201 2419 1265 of
2455 1200 2571 1265 the
2606 1198 2864 1283 jurors]

572 1309 689 1372 pro
718 1309 850 1352 una
879 1287 1008 1352 olla
1034 1288 1164 1351 luti
1194 1288 1393 1371 precii
1427 1287 1548 1364 6d.,
1577 1293 1644 1351 et
1686 1288 1756 1351 ix
1785 1287 2031 1371 lagenis
2074 1288 2362 1352 cervisiae
2390 1288 2595 1371 precii
2633 1286 2755 1361 sd„
2789 1294 2865 1349 et

579 1383 666 1439 3s.
719 1374 861 1438 lod.
922 1376 1019 1438 ob.
1081 1394 1241 1458 quos
1294 1374 1605 1458 Marjoria
1657 1375 1880 1439 Carter
1937 1375 2342 1459 recuperavit
2397 1375 2473 1437 in
2530 1374 2708 1438 curia
2770 1372 2863 1436 de

575 1462 847 1527 cervisia
876 1462 956 1525 ab
988 1482 1064 1525 ea
1092 1467 1328 1544 empta,
1356 1461 1437 1525 de
1466 1460 1905 1526 misericordia
1936 1461 2037 1526 6d.

661 1550 1118 1612 WYUsss'rown.
1207 1547 1589 1631 Injunctum
1616 1555 1718 1612 est
1745 1548 2046 1612 omnibus
2073 1547 2448 1613 tenentibus
2468 1545 2864 1629 villaequod

576 1636 797 1700 nullus
842 1656 1062 1713 eorum
1104 1640 1372 1699 teneant
1415 1635 1555 1719 [sic]
1600 1634 1850 1700 lisiscas
1891 1635 2148 1719 [³—the
2193 1635 2371 1699 word
2403 1654 2614 1698 seems
2657 1639 2723 1697 to
2770 1634 2862 1696 be

576 1725 837 1788 written
866 1723 1105 1806 clearly
1135 1721 1415 1805 enough]
1446 1727 1596 1805 post
1625 1722 1864 1786 festum
1896 1722 1959 1786 S.
1992 1722 2167 1786 Petri
2196 1721 2279 1785 ad
2306 1719 2588 1785 vincula.

665 1811 970 1875 HARTON.
1076 1809 1178 1873 De
1222 1809 1469 1892 Rogero
1514 1808 1730 1884 Ward,
1777 1810 1822 1874 J
1825 1807 2079 1873 ohanne
2128 1808 2265 1871 filio
2309 1808 2565 1890 Rogati,
2608 1806 2862 1870 Thoma

576 1897 747 1980 Page
775 1897 930 1979 quia
959 1895 1306 1960 noluerunt
1335 1895 1745 1960 accomodare
1772 1895 1920 1960 lect’
1951 1895 2034 1959 ad
2063 1893 2350 1958 Halmot’
2381 1894 2676 1970 Domini,
2711 1893 2859 1956 18d.

663 1984 1164 2047 EST-RAYNTON.
1297 1982 1682 2065 Injunctum
1755 1987 1856 2046 est
1927 1981 2304 2047 tenentibus
2378 1980 2860 2046 dominicorum

576 2068 749 2152 quod
779 2070 1061 2151 reparari
1089 2068 1332 2133 faciant
1361 2068 1590 2133 domus
1619 2069 1907 2133 manerii.

665 2155 862 2219 Curia
906 2161 1087 2219 tenta
1132 2155 1306 2238 apud
1349 2155 1790 2219 EDMONDBIRS
1834 2155 1940 2219 die
1982 2156 2031 2220 J
2032 2155 2171 2219 ovis
2215 2175 2322 2238 px,
2353 2174 2417 2237 p.
2449 2154 2491 2218 f.
2523 2154 2589 2218 S.
2618 2155 2667 2219 J
2668 2154 2861 2219 acobi

576 2257 700 2304 ΑΛ).
758 2244 940 2305 1373.
1052 2241 1471 2324 Compertum
1525 2247 1627 2306 est
1673 2262 1787 2325 per
1835 2243 1961 2325 jur’
2015 2241 2186 2326 quod
2237 2240 2424 2325 panis
2469 2241 2862 2306 benedictus

574 2326 819 2391 solebat
847 2326 987 2389 dari
1029 2326 1108 2391 de
1138 2329 1439 2392 omnibus
1482 2329 1728 2393 tenuris
1757 2328 1931 2393 villae
1975 2337 2043 2393 et
2071 2327 2243 2412 quod
2282 2327 2396 2392 ille
2423 2329 2542 2411 qui
2587 2326 2864 2392 haberet

574 2414 644 2497 iij
678 2419 937 2477 tenuras
967 2413 1242 2478 solveret
1284 2434 1399 2496 pro
1444 2414 1665 2497 aliqua
1691 2420 1922 2479 tenura
1964 2436 2197 2499 panem
2241 2414 2660 2479 benedictum
2705 2435 2862 2478 cnm

574 2509 806 2565 turnus
851 2520 1006 2564 suus
1051 2500 1371 2578 acciderit,
1400 2507 1468 2565 et
1511 2501 1684 2585 quod
1727 2502 1855 2565 ista
1897 2501 2289 2566 consuetudo
2334 2500 2587 2565 solebat
2631 2501 2776 2565 dari
2821 2522 2865 2565 a

574 2593 860 2670 tempore
918 2607 1047 2669 quo
1099 2608 1229 2651 non
1277 2589 1515 2652 existat
1563 2588 1880 2653 memoria
1986 2590 2075 2653 Et
2130 2589 2501 2671 injunctum
2547 2589 2864 2653 omnibus

543 2678 546 2681 ’
572 2674 946 2739 tenentibus
975 2673 1149 2738 vinae
1178 2674 1352 2758 quod
1395 2675 1593 2739 faciat
1628 2675 1708 2739 de
1736 2680 1946 2740 cetero
1990 2676 2112 2740 sub
2142 2694 2335 2759 poena
2376 2674 2459 2739 di.
2491 2695 2746 2738 marcae.
2770 2714 2864 2725 —

574 2761 962 2825 Ordinatnm
1006 2768 1106 2826 est
1149 2782 1229 2825 ex
1273 2761 1602 2825 communi
1647 2781 1914 2826 assensu
1957 2762 2131 2845 quod
2173 2763 2218 2827 J
2222 2761 2509 2826 ohannes
2553 2761 2640 2825 de
2684 2762 2862 2826 Red-

572 2847 749 2933 dyng
807 2849 982 2932 [etc]
1036 2848 1423 2913 conveniant
1473 2868 1652 2932 prox,
1712 2847 1817 2913 die
1875 2849 2029 2913 festi
2080 2849 2196 2933 [so]
2256 2855 2323 2912 et
2373 2849 2632 2932 jactent
2677 2849 2862 2932 quod

573 2937 788 3001 averia
815 2942 1091 3019 possunt
1118 2934 1468 3000 sustentari
1496 2934 1667 2998 infra
1694 2936 1898 3019 camp’
1929 2935 2010 2999 de
2040 2935 2471 3028 Equndbirs
2501 2940 2570 2999 et
2604 2941 2863 3018 ponent

573 3022 866 3105 quolibet
910 3023 1040 3087 ten’
1089 3023 1170 3085 ad
1222 3026 1470 3086 certum
1514 3041 1860 3086 numerum
1905 3022 2001 3086 ita
2046 3021 2219 3105 quod
2264 3020 2455 3085 illum
2505 3039 2862 3087 numerum

570 3110 792 3173 nullus
840 3109 1107 3173 excedat
1150 3113 1216 3172 et
1258 3113 1654 3191 praesentant
1700 3109 1782 3171 ad
1825 3129 2002 3191 prox,
2026 3143 2113 3156 —-
2137 3109 2522 3192 Injunctum
2569 3114 2675 3173 est
2720 3130 2861 3173 om-

570 3196 764 3259 nibus
789 3195 1159 3259 tenentibus
1181 3194 1356 3259 vfflae
1379 3195 1553 3278 quod
1576 3202 1891 3259 evacuent
1912 3195 2239 3279 quandam
2259 3195 2527 3259 herbam
2550 3201 2859 3260 vocatam

571 3281 740 3364 gold,
771 3281 1046 3362 quilibet
1074 3301 1189 3363 pro
1218 3281 1517 3365 porcione
1549 3302 1685 3358 sua,
1713 3282 1877 3346 citra
1904 3284 2081 3366 prox’
2113 3283 2261 3346 our'.

664 3454 845 3516 1373.
894 3453 982 3515 ΙΙ.
1045 3453 1260 3516 Heb'n
1311 3455 1417 3518 die
1464 3455 1664 3519 Lunae
1712 3476 1883 3539 prox.
1932 3462 2082 3539 post
2139 3456 2382 3520 festum
2435 3455 2496 3519 S.
2553 3456 2852 3522 Martini.

572 3541 803 3605 Coram
853 3539 1130 3604 dominis
1190 3540 1435 3604 Thoma
1485 3542 1567 3606 de
1626 3542 1930 3606 Herdwic
1989 3548 2156 3619 ten„
2203 3542 2248 3606 J
2251 3541 2505 3605 ohanne
2566 3541 2651 3606 de
2699 3543 2857 3608 Ber·

568 3636 820 3712 yngton
847 3628 1037 3703 burs,
1068 3634 1136 3691 et
1163 3627 1208 3691 J
1212 3628 1465 3692 ohanne
1496 3628 1575 3693 de
1606 3628 1803 3693 Eluet
1832 3633 1898 3693 et
1928 3628 2090 3692 aliis.

658 3716 1142 3779 WALLnsnnNo.
1234 3752 1261 3763 —
1293 3752 1319 3763 -
1349 3714 1395 3777 J
1397 3715 1489 3778 ur’
1521 3714 1713 3779 istius
1743 3715 1918 3779 villae
1948 3720 2014 3779 et
2043 3715 2291 3779 villatae
2320 3715 2402 3779 de
2429 3715 2856 3800 Willyngton

568 3840 597 3848 -
628 3840 656 3848 —
678 3840 766 3849 —
790 3803 1170 3886 Injunctum
1214 3807 1314 3866 est
1343 3801 1644 3865 omnibus
1689 3801 2064 3867 tenentibus
2101 3802 2278 3866 villae
2318 3802 2493 3885 quod
2537 3802 2857 3867 claudant

566 3908 833 3970 parcum
891 3889 1301 3954 sufficienter.
1322 3926 1410 3937 —
1432 3888 1718 3953 Piscaria
1766 3889 1844 3953 de
1895 3888 2318 3954 Walleshend
2375 3893 2568 3972 capta
2624 3895 2728 3954 est
2778 3891 2855 3954 in

568 3995 765 4037 manu
795 3975 1063 4038 Domini
1106 3996 1180 4039 eo
1209 3975 1383 4059 quod
1427 3980 1653 4040 tenens
1699 3975 2065 4041 tabernavit
2107 3976 2291 4040 illam
2327 3974 2677 4060 piscariam
2708 3976 2854 4042 sine

565 4059 839 4124 licencia
868 4061 1151 4124 Domini.

653 4146 1056 4211 HEWORTHS.
1146 4147 1305 4212 Dies
1349 4147 1543 4212 datus
1587 4155 1688 4213 est
1730 4148 1992 4213 Thomae
2035 4148 2302 4213 Leward
2344 4148 2428 4213 ad
2469 4148 2591 4212 fac.
2637 4148 2851 4234 legem

566 4252 750 4298 suam
808 4233 982 4315 quod
1055 4253 1186 4297 non
1244 4234 1512 4299 cariavit
1584 4236 1745 4319 petr'
1826 4235 2000 4299 ultra
2073 4235 2281 4301 solnm
2360 4235 2695 4319 Rauulphi
2766 4236 2850 4301 de

566 4319 842 4385 Kitchin
901 4320 1042 4403 sine
1100 4318 1373 4385 licencia
1433 4321 1594 4386 dicti
1638 4323 1711 4386 R.
1742 4357 1831 4367 —
1860 4323 1964 4387 De
2023 4322 2270 4406 Rogero
2328 4322 2637 4386 Nenman
2695 4322 2850 4406 quia

564 4407 835 4472 cai-iavit
890 4407 1050 4488 petr’
1108 4405 1280 4469 ultra
1337 4406 1551 4470 solum
1623 4408 1892 4471 Domini
1966 4409 2108 4472 sine
2165 4408 2439 4473 licencia
2469 4445 2494 4456 ·
2528 4446 2556 4457 -
2594 4409 2736 4473 l2d.
2760 4447 2848 4458 -

562 4494 665 4556 De
695 4492 941 4554 Thoma
970 4491 1231 4555 Leward
1276 4511 1390 4574 pro
1420 4495 1922 4575 transgressione
1965 4494 2140 4558 facta
2181 4495 2253 4557 in
2290 4493 2463 4558 blad’
2509 4494 2849 4579 Ranulphi

563 4577 643 4638 de
689 4575 963 4640 Kitchin
993 4614 1020 4626 -
1053 4614 1079 4625 -
1115 4576 1210 4640 6d.
1236 4614 1323 4625 —
1344 4576 1446 4639 De
1490 4578 1716 4642 eodem
1768 4598 1883 4661 pro
1928 4579 2094 4643 falsa
2140 4580 2404 4662 querela
2448 4601 2569 4646 sua
2624 4601 2848 4647 versus
