3042 5034
237 486 424 546 1368.
498 463 504 470 ’
764 495 1081 545 Hannon
1111 496 1479 546 Pmoaa‘rus
1508 497 1989 549 DUNELMBNSIS.
2433 492 2506 549 71

225 659 376 719 tant
405 654 551 739 [εἰσ]
579 654 664 718 ad
690 653 1049 738 proximam
1078 653 1136 718 si
1165 655 1210 719 J
1214 653 1499 720 ohannes
1531 654 1611 720 de
1633 656 1951 740 Folaceby
1973 658 2376 723 warrectavit
2395 660 2508 742 xvj

222 762 409 806 acras
438 747 624 806 terrae
644 740 834 825 plene
863 739 945 804 ad
974 760 1136 824 opus
1159 739 1364 825 ipsius
1391 742 1440 806 J
1439 741 1714 806 ohannis
1743 743 1995 807 Nikson
2026 764 2222 827 quam
2250 744 2510 810 deberet

221 828 573 912 reliquisse
622 848 698 892 eo
746 827 921 911 quod
970 827 1042 911 iij
1093 847 1254 892 acrae
1298 827 1452 893 inde
1511 849 1644 892 non
1695 834 1848 893 sunt
1901 836 2258 896 warectatae
2314 837 2508 915 prout

218 913 400 979 idem
454 916 502 979 J
503 914 789 979 ohannes
831 914 1121 997 queritur
1172 920 1239 979 et
1288 915 1347 979 si
1389 919 1505 979 etc.
1568 921 1635 980 et
1683 915 1978 999 praesent'
2020 916 2101 980 ad
2153 937 2330 1001 prox.
2419 918 2507 982 Et

219 1001 436 1066 eciam
463 1001 831 1085 injunctum
874 1006 974 1065 est
1001 1000 1245 1066 eisdem
1274 1000 1447 1085 quod
1474 1001 1810 1085 inquirant
1837 1008 1906 1066 et
1931 1007 2324 1086 praesentant
2362 1002 2505 1088 [εἰσ]

219 1087 309 1152 ad
339 1108 519 1172 prox,
550 1088 623 1152 in
644 1092 960 1171 quantum
990 1086 1368 1153 meremium
1396 1095 1643 1152 tenurae
1671 1089 1876 1173 ipsius
1906 1090 1951 1154 J
1953 1088 2225 1154 ohannis
2248 1089 2506 1155 Nikson

219 1174 649 1239 deterioratur
689 1174 762 1238 in
803 1178 1034 1239 tenura
1072 1174 1120 1240 J
1123 1174 1397 1239 ohannis
1440 1175 1760 1259 Folaceby
1789 1181 1856 1240 et
1889 1177 2185 1260 proesent’
2215 1176 2296 1241 ad
2323 1197 2502 1261 prox,

215 1260 305 1325 ad
353 1281 504 1343 quae
545 1260 825 1345 dampna
866 1266 983 1326 etc.
1030 1296 1058 1309 -
1103 1298 1131 1310 -
1174 1298 1202 1309 -
1248 1261 1721 1327 concordatum
1772 1269 1874 1327 est
1922 1264 2094 1329 inter
2133 1263 2181 1329 J
2183 1264 2503 1329 ohannem

215 1346 487 1412 Nikson
529 1352 596 1412 et
636 1348 685 1412 J
685 1347 1005 1413 ohannem
1047 1347 1128 1413 de
1178 1348 1497 1432 Folaceby
1529 1347 1608 1414 de
1650 1354 1881 1413 tenura
1927 1349 2131 1433 ipsius
2177 1352 2226 1416 J
2227 1350 2502 1416 ohannis

214 1434 303 1499 de
363 1433 686 1518 Folaceby
735 1456 932 1519 quam
988 1434 1334 1518 praedictus
1390 1435 1438 1499 J
1439 1434 1721 1500 ohannes
1780 1435 1846 1499 N
1849 1436 2037 1501 ikson
2095 1437 2270 1521 cepit
2328 1437 2502 1521 quod

218 1520 578 1604 praedictus
606 1523 651 1587 J
654 1521 938 1587 ohannes
966 1522 1032 1586 N
1034 1522 1222 1586 ikson
1250 1521 1571 1606 reparabit
1599 1521 1867 1587 aedificia
1893 1523 2215 1608 praedictae
2257 1529 2503 1588 tenurae

220 1609 599 1692 sumptibus
628 1610 762 1673 suis
792 1609 1067 1693 propriis
1097 1616 1164 1674 et
1192 1608 1375 1673 dabit
1401 1608 1709 1692 praedicto
1737 1610 1782 1674 J
1786 1609 2028 1673 ohanni
2071 1609 2151 1680 de
2181 1609 2502 1694 Folaceby

221 1699 363 1760 40s.
412 1714 529 1778 pro
570 1695 877 1779 oustagiis
927 1695 1080 1774 suis,
1125 1696 1248 1760 viz.
1304 1701 1434 1760 20s.
1480 1694 1565 1759 ad
1613 1695 1852 1759 festum
1904 1695 1967 1762 S.
2012 1695 2286 1760 Martini
2330 1716 2500 1761 anno

218 1781 500 1846 Domini
550 1787 670 1847 etc.
717 1782 889 1845 lxix⁰
938 1786 1007 1847 et
1050 1781 1380 1846 residuum
1432 1781 1514 1845 ad
1565 1782 1732 1846 festa
1774 1782 1957 1845 Pent.
2005 1786 2072 1846 et
2116 1782 2176 1846 S.
2227 1781 2502 1847 Martini

217 1874 385 1932 tunc
414 1888 592 1952 prox.
622 1869 966 1953 sequencia
993 1869 1063 1932 in
1091 1889 1244 1934 casu
1283 1868 1455 1952 quod
1484 1867 1858 1952 praedictam
1885 1873 2181 1932 tenuram
2218 1870 2503 1933 tenuerit

215 1959 419 2039 prout
446 1954 631 2019 iliam
659 1954 847 2039 cepit.
935 1956 1023 2020 Et
1051 1956 1109 2020 si
1139 1976 1282 2020 eam
1311 1953 1629 2019 dimiserit
1657 1954 1981 2019 Dominus
2026 1955 2208 2019 Prior
2235 1955 2501 2020 habebit

215 2041 566 2125 praedictas
615 2048 747 2106 40s.
801 2047 918 2106 etc.
1030 2042 1230 2126 [Here
1278 2042 1337 2107 is
1388 2062 1427 2106 a
1476 2040 1654 2106 hand
1710 2041 1784 2105 in
1828 2041 1942 2106 the
1994 2042 2284 2127 margin]
2395 2042 2499 2107 De

216 2129 490 2212 praefato
518 2130 563 2194 J
568 2128 820 2194 ohanne
863 2128 1118 2193 Nikson
1146 2148 1262 2212 pro
1289 2128 1597 2213 praedicta
1633 2135 1863 2193 tenura
1891 2127 2186 2194 habenda
2214 2128 2500 2195 solvend’

219 2214 309 2279 ad
335 2215 581 2280 festum
610 2216 791 2280 Pent.
822 2235 991 2280 anno
1022 2221 1138 2280 etc.
1170 2214 1356 2298 lxxjo,
1390 2219 1519 2280 l3s.
1555 2214 1654 2279 4d.

311 2302 668 2367 SUTHWYK.
756 2303 859 2366 De
888 2302 1167 2367 Roberto
1212 2300 1444 2385 Smyth
1478 2302 1636 2385 quia
1675 2301 2042 2367 tabernavit
2083 2304 2498 2368 medietatem

216 2389 420 2453 unius
464 2390 595 2454 ten'
622 2387 852 2453 Aliciae
897 2388 1262 2473 Brounyng'
1306 2388 1389 2453 ad
1433 2393 1614 2452 term.
1644 2388 1797 2452 vitae
1838 2389 2045 2473 ipsius
2089 2388 2316 2454 Aliciae
2358 2389 2498 2454 sine

215 2476 499 2540 licencia
554 2475 839 2540 Domini.
951 2474 1107 2539 Ideo
1166 2476 1302 2559 cap’
1363 2482 1462 2540 est
1517 2475 1590 2539 in
1649 2496 1845 2540 manu
1903 2476 2176 2540 Domini
2233 2482 2300 2541 et
2357 2475 2497 2560 ipse

216 2563 542 2627 Robertus
570 2563 642 2626 in
672 2562 1119 2627 misericordia.

307 2649 729 2714 WYUESTOW.
836 2650 939 2713 De
991 2647 1469 2714 communitate
1520 2648 1765 2713 villatae
1821 2667 1938 2732 pro
1995 2647 2498 2732 transgressione

218 2736 397 2801 facta
425 2736 498 2800 in
527 2735 697 2800 blad'
725 2735 995 2800 Domini
1037 2734 1121 2799 ad
1150 2735 1506 2800 valenciam
1550 2756 1639 2799 xv
1667 2735 2040 2799 thravarum
2083 2734 2387 2818 pisarum,
2416 2735 2498 2800 de

217 2821 661 2888 misericordia
694 2827 723 2885 1
737 2822 834 2887 2d.
857 2859 946 2870 —
968 2823 1330 2907 Margareta
1359 2822 1437 2887 de
1468 2821 1710 2886 Tudow
1739 2819 1913 2903 cepit
1940 2839 2145 2884 unum
2174 2821 2498 2903 cotagium

213 2910 395 2994 quod
422 2910 470 2974 J
471 2910 754 2974 ohannes
782 2908 1109 2993 quondam
1126 2910 1229 2973 vir
1255 2928 1412 2974 suus
1432 2909 1617 2992 prius
1645 2907 1861 2971 tenuit
1882 2911 1948 2970 et
1974 2905 2149 2989 quod
2170 2906 2498 2989 quondam

214 2998 293 3060 in
336 3001 570 3062 tenura
596 2995 916 3061 willelmi
943 2995 1302 3079 Maymond
1345 3002 1423 3060 ut
1449 2995 1532 3060 de
1566 2994 1714 3077 jure
1742 2991 1956 3056 viduae
1984 2991 2067 3056 ad
2095 2998 2277 3057 term.
2308 2994 2497 3057 vitae:

216 3083 498 3148 habend’
520 3088 587 3147 et
606 3083 753 3160 ten',
781 3082 953 3148 redd.
976 3087 1043 3147 et
1065 3081 1357 3147 faciendo
1379 3081 1452 3146 in
1474 3080 1776 3146 omnibus
1794 3083 1989 3163 prout
2008 3078 2110 3142 vir
2137 3098 2293 3143 suus
2315 3080 2495 3163 prius

214 3168 435 3235 reddit
463 3175 530 3234 et
557 3169 730 3235 facit.
807 3170 984 3254 Pleg.
1010 3206 1039 3217 -
1068 3207 1097 3217 -
1126 3169 1213 3233 Et
1241 3169 1352 3233 dat
1390 3188 1505 3252 pro
1533 3166 1821 3252 gres'm'a
1866 3164 2044 3230 40d.:
2098 3165 2497 3231 condonatur

215 3276 335 3340 per
362 3257 716 3321 terrarium.
1919 3311 1924 3316 .

308 3343 611 3408 HARTON.
700 3342 932 3407 Emma
987 3362 1133 3427 quae
1174 3342 1305 3406 fuit
1361 3361 1527 3405 uxor
1582 3340 1856 3405 Walteri
1908 3340 2262 3425 Swynherd
2314 3341 2498 3406 venit

215 3430 292 3493 in
335 3430 468 3494 cur'
519 3435 587 3495 et
635 3428 809 3513 cepit
859 3449 1065 3493 unum
1115 3428 1508 3513 bondagium
1558 3428 1731 3512 quod
1779 3426 2125 3512 praedictus
2168 3426 2507 3494 Walterus

215 3516 549 3599 quondam
577 3516 679 3580 vir
707 3535 861 3581 suus
905 3516 1084 3599 prius
1112 3514 1367 3580 tenuit:
1419 3514 1695 3580 habend’
1733 3521 1801 3580 et
1841 3515 1972 3579 ten’
2002 3515 2085 3580 ad
2127 3520 2309 3580 term.
2339 3515 2496 3580 vitae

215 3623 355 3668 suae
383 3608 462 3667 ut
489 3602 570 3668 de
593 3604 739 3686 jure
765 3602 1019 3667 viduae:
1061 3602 1234 3667 redd.
1267 3601 1582 3667 scaccario
1613 3600 1852 3666 Prioris
1884 3601 2187 3666 Dunelm’
2225 3605 2357 3666 26⁸.
2395 3601 2494 3666 sd.

215 3695 284 3755 et
312 3695 657 3775 argentum
698 3689 987 3754 terrarii:
1037 3688 1404 3772 incipiendo
1449 3687 1626 3772 [etc]
1659 3725 1685 3736 -
1717 3725 1745 3737 -
1772 3689 1859 3751 Et
1903 3686 2016 3751 dat
2054 3706 2170 3770 pro
2211 3686 2497 3770 gres’m’a

215 3798 261 3842 v
304 3796 590 3842 marcas:
656 3782 723 3841 et
771 3776 1171 3840 condonatur
1216 3774 1299 3840 ad
1355 3779 1485 3839 13s.
1542 3773 1644 3840 4d.
1692 3780 1760 3839 et
1810 3793 1940 3838 non
1984 3772 2152 3857 plus,
2193 3792 2269 3837 eo
2320 3773 2495 3857 quod

216 3863 566 3929 aedificavit
592 3868 660 3928 et
688 3883 819 3927 non
847 3863 1063 3928 tenuit
1089 3861 1219 3927 nisi
1246 3883 1360 3946 per
1385 3861 1456 3945 iij
1490 3881 1709 3926 annos

302 3950 581 4015 Sennis,
669 3948 839 4015 Ten’.
929 3949 1155 4014 Unum
1197 3951 1326 4013 ten’
1356 3969 1501 4032 quae
1533 3948 1671 4032 [εἰσ]
1704 3946 1830 4011 fuit
1857 3947 1926 4010 in
1971 3951 2206 4011 tenura
2234 3947 2497 4013 Thomae

212 4038 294 4103 de
323 4036 586 4120 Whitly
613 4036 991 4101 seisisantur
1018 4036 1158 4120 [εἰσ]
1188 4035 1260 4099 in
1301 4055 1502 4100 manu
1530 4033 1801 4099 Domini
1827 4033 1983 4117 quia
2024 4033 2367 4102 defunctus
2398 4044 2499 4101 est

211 4129 407 4210 prout
459 4127 860 4207 compertum
907 4130 1009 4188 est
1049 4122 1123 4186 in
1170 4122 1362 4187 curia.
1450 4122 1540 4185 Et
1584 4120 1918 4187 sciendum
1966 4121 2139 4205 quod
2178 4123 2497 4205 juratores

212 4212 446 4277 dicunt
474 4209 651 4294 quod
670 4210 848 4275 valet
867 4231 926 4294 p.
953 4230 1005 4274 a.
1034 4208 1177 4273 40d.
1200 4247 1286 4258 —
1309 4208 1478 4273 Ten’.
1542 4207 1766 4272 Unum
1793 4208 1923 4272 ten'
1947 4228 2092 4292 quae
2114 4208 2255 4293 [εἰσ]
2276 4209 2406 4273 fuit
2427 4209 2499 4273 in

210 4304 445 4365 tenura
490 4296 655 4361 Adae
696 4296 779 4361 de
824 4297 1080 4361 Hal-ton
1121 4295 1499 4362 seisisantur
1543 4294 1684 4379 [εἰσ]
1715 4295 1786 4359 in
1827 4315 2027 4359 manu
2056 4294 2198 4378 [εἰσ]
2227 4295 2498 4359 Domini

209 4384 367 4470 quia
396 4382 768 4449 deffunctus
797 4390 898 4448 est
924 4389 1116 4468 prout
1136 4385 1539 4467 compertum
1569 4386 1668 4447 est
1688 4382 1760 4445 in
1789 4381 1981 4446 curia.
2055 4382 2143 4445 Et
2162 4381 2496 4446 sciendum

212 4471 385 4557 quod
402 4472 726 4555 juratores
749 4469 977 4535 dicunt
998 4468 1171 4553 quod
1199 4469 1375 4534 valet
1397 4487 1456 4552 p.
1480 4488 1535 4532 a.
1563 4472 1649 4532 5s.
1675 4501 1764 4513 —
1788 4467 2011 4532 Unum
2034 4467 2165 4530 ten’
2187 4485 2333 4547 quae
2356 4465 2470 4546 [εἰσ

208 4559 338 4625 fuit
366 4559 442 4623 in
486 4563 721 4622 tenura
763 4556 930 4640 Agn’
962 4556 1043 4622 de
1089 4554 1387 4620 Barthew
1419 4553 1797 4619 seisisantur
1826 4552 1969 4633 [εἰσ]
2013 4551 2082 4613 in
2128 4568 2324 4612 manu
2355 4549 2469 4629 [εἰσ
