3042 5034
214 513 251 573 1
264 514 309 574 3
321 513 429 574 71.
776 526 1091 575 HALMOTA
1118 526 1483 577 rmonATUs
1513 527 1995 578 nmmnms.
2393 521 2422 580 1
2434 520 2515 580 05

202 682 293 745 in
346 703 621 747 uxorem
662 689 844 748 tenet
885 683 1153 748 terciam
1193 689 1439 769 partem
1483 685 1511 768 j
1558 705 1714 750 mes.
1762 691 1830 751 et
1878 686 1952 749 xl
1993 707 2170 753 aeras
2211 693 2398 754 terrae
2442 688 2515 753 in

204 769 498 850 dotem3
549 775 618 834 et
658 769 753 854 xij
799 791 977 835 aeras
1018 776 1205 836 terrae
1247 792 1330 837 ex
1382 772 1729 855 conjuncto
1773 773 2160 838 feofamento
2202 775 2286 839 ad
2330 782 2514 842 term.

200 856 387 921 vitae
414 855 626 940 ipsius
670 856 775 921 Is'.
861 858 951 921 Et
993 857 1236 922 0661116
1275 858 1356 923 (16
1402 858 1714 924 Gretham
1758 863 1940 923 tenet
1982 860 2075 943 xij
2108 881 2284 926 aeras
2326 868 2514 928 terrae

201 942 311 1006 ad
341 949 528 1007 term.
558 942 731 1018 vitae,
760 964 903 1027 quae
932 943 1199 1028 quidam
1228 950 1396 1009 terra
1426 951 1493 1009 et
1535 943 1666 1010 ten’
1698 945 1940 1010 debent
1965 948 2204 1011 reverti
2246 950 2512 1032 praefato

201 1028 584 1093 Willelmo.
671 1029 761 1093 Et
787 1031 992 1095 6616111
1020 1038 1227 1095 mater
1254 1031 1415 1095 dieti
1457 1032 1503 1096 J
1505 1032 1782 1097 ohannis
1811 1038 1994 1097 tenet
2022 1033 2105 1097 ad
2146 1040 2329 1099 term.
2358 1036 2512 1101 vitae

203 1115 309 1181 de
363 1116 496 1180 her'
539 1116 835 1199 praedieti
878 1118 925 1181 J
927 1117 1200 1182 ohannis
1244 1138 1448 1182 unum
1492 1139 1646 1183 mes.
1697 1118 1886 1203 xxiiij
1942 1139 2121 1185 aeras
2173 1141 2255 1185 ex
2313 1122 2512 1186 feofa-

202 1208 455 1267 mento
504 1203 802 1286 praedieti
857 1203 1192 1269 Willelmi.
1213 1241 1303 1251 —
1326 1204 1464 1268 Md.
1528 1205 1608 1269 de
1664 1226 1797 1269 uno
1853 1226 2008 1271 mes.
2067 1212 2135 1272 et
2193 1208 2283 1291 vij
2345 1209 2508 1275 acris

202 1295 416 1354 terrae
439 1309 586 1373 quae
612 1290 878 1354 fuerunt
906 1290 954 1355 J
956 1291 1234 1355 ohannis
1257 1291 1336 1354 de
1358 1291 1793 1356 Edmondbirs
1816 1298 1883 1358 et
1903 1312 2048 1376 quae
2067 1294 2324 1359 Matild'
2346 1316 2512 1360 uxor

206 1377 371 1460 ejus
408 1377 550 1460 Jam
582 1375 870 1441 defuncti
916 1376 1058 1460 [sic]
1102 1378 1318 1442 tenuit
1355 1378 1429 1441 in
1473 1378 1690 1442 dotem
1733 1379 1813 1444 de
1842 1380 2217 1446 haereditate
2246 1383 2508 1447 Thomae

208 1462 348 1547 [so]
379 1468 447 1526 et
476 1461 626 1526 haer’
653 1463 949 1547 praedicti
987 1465 1034 1529 J
1037 1464 1311 1529 ohannis
1334 1466 1473 1548 jam
1503 1464 1793 1530 defuncti
1835 1487 1980 1550 quae
2010 1468 2056 1532 J
2058 1468 2315 1532 ohanna
2344 1490 2510 1534 uxor

208 1549 525 1634 praedioti
554 1550 816 1614 Thomae
843 1556 1116 1635 occupat
1145 1557 1213 1615 et
1239 1551 1607 1634 inquiratur
1634 1572 1762 1635 quo
1783 1553 1928 1636 jure
1958 1557 2024 1617 et
2052 1574 2181 1638 quo
2202 1561 2506 1639 tempore.

314 1637 609 1701 COUPON.
696 1636 800 1701 De
845 1636 1087 1702 0661116
1114 1638 1568 1721 Dansdoghter
1605 1658 1723 1722 pro
1766 1637 1907 1721 leyr
1937 1639 2038 1704 6d.
2060 1679 2150 1689 —
2169 1641 2216 1705 J
2218 1641 2505 1707 ohannes

211 1723 377 1787 Tidi
404 1760 436 1770 -
467 1760 493 1771 ·
524 1742 729 1787 unum
758 1724 1082 1809 ootagium
1124 1723 1356 1789 ultimo
1385 1725 1457 1787 in
1486 1730 1722 1789 tenura
1749 1725 1795 1789 J
1797 1726 2071 1790 ohannis
2116 1727 2390 1792 Frankis
2420 1766 2445 1777 -
2479 1766 2504 1777 ·

212 1830 438 1894 usque
483 1810 564 1874 ad
609 1810 875 1893 plenam
924 1815 1185 1876 aetatem
1235 1811 1383 1875 haer’
1426 1810 1691 1875 Thomae
1741 1811 1823 1876 de
1868 1812 2071 1895 Fery:
2125 1812 2297 1877 redd.
2340 1834 2401 1898 p.
2450 1834 2502 1878 6.

220 1896 413 1961 18d.:
459 1903 528 1961 et
553 1896 759 1961 eciam
800 1897 871 1981 iij
906 1916 1083 1962 aeras
1111 1904 1298 1961 terrae
1340 1896 1574 1961 ultimo
1624 1898 1696 1961 in
1739 1902 1971 1963 tenura
2013 1899 2060 1963 J
2063 1899 2339 1964 ohannis
2380 1901 2505 1965 filii

214 1983 495 2048 Roberti
525 2003 720 2067 super
745 1983 810 2048 16
840 1983 1092 2049 Colflat’
1127 1989 1157 2047 t
1187 2021 1212 2032 -
1244 2021 1269 2031 -
1301 1983 1385 2048 ad
1411 1990 1595 2050 term.
1625 1984 1822 2049 vitae:
1863 1984 2038 2050 redd.
2069 2005 2128 2069 p.
2161 2006 2215 2050 6.
2249 1986 2392 2053 21d.
2415 2026 2504 2045 ..-

213 2070 505 2135 Thomas
536 2070 721 2134 Murt
749 2107 775 2119 -
807 2108 835 2119 -
855 2072 883 2154 j
917 2069 1242 2154 ootagium
1269 2070 1503 2135 ultimo
1525 2070 1599 2134 in
1627 2075 1861 2136 tenura
1891 2071 2171 2137 Gilberti
2203 2073 2389 2140 Murt
2418 2113 2444 2125 -
2477 2111 2504 2124 ·

215 2156 307 2221 ad
338 2156 745 2221 voluntatem
774 2157 1057 2221 Domini.

311 2244 770 2309 WmmGToN.
876 2244 1257 2328 Injunotum
1301 2249 1401 2308 est
1443 2244 1489 2309 J
1492 2243 1736 2309 ohanni
1777 2244 1856 2311 de
1898 2245 2260 2332 Houghton
2310 2254 2387 2313 ut
2429 2249 2502 2314 in

213 2329 480 2394 ultimis
526 2330 743 2395 Halm.
788 2330 963 2414 quod
1004 2329 1302 2395 arrestari
1353 2331 1549 2395 faeiat
1592 2331 1762 2395 blad’
1808 2338 1873 2397 et
1917 2335 2132 2399 averia
2174 2335 2222 2400 J
2224 2336 2501 2402 ohannis

214 2416 305 2481 de
328 2417 657 2481 Monkton
672 2422 749 2480 ut
775 2417 999 2481 veniat
1029 2423 1095 2482 et
1115 2425 1403 2482 moratur
1431 2417 1573 2501 [sic]
1597 2438 1793 2502 super
1819 2424 2059 2485 terram
2079 2422 2388 2487 Domini:
2433 2429 2501 2488 et

210 2504 398 2568 idem
428 2505 473 2570 J
475 2504 763 2569 ohannes
793 2504 872 2568 de
904 2503 1259 2589 Houghton
1280 2506 1667 2589 praepositus
1695 2511 1976 2571 testatur
1998 2507 2172 2591 quod
2193 2510 2502 2574 aresta-vit

209 2591 263 2675 ij
320 2610 538 2673 equos,
587 2590 685 2674 iiij
734 2590 952 2668 boves,
1008 2611 1173 2675 pree.
1224 2597 1260 2654 5
1312 2611 1501 2657 mare.
1558 2596 1625 2657 et
1673 2592 1765 2676 vij
1812 2612 1990 2658 aeras
2048 2595 2377 2673 frumenti,
2422 2596 2495 2679 iij

212 2697 403 2742 aeras
462 2678 647 2742 aven'
708 2714 736 2725 -
795 2715 825 2724 -
851 2716 941 2728 —
968 2679 1072 2742 De
1144 2677 1369 2743 eodem
1426 2678 1587 2762 quia
1648 2678 1996 2744 seminavit
2052 2687 2289 2745 tenum
2347 2702 2498 2745 eum

213 2764 408 2829 aven'
455 2784 654 2848 quam
699 2765 1017 2829 seminare
1061 2764 1390 2829 debuisset
1434 2786 1584 2829 eum
1627 2765 1796 2830 fabis
1841 2771 1907 2830 et
1958 2765 2078 2848 pis'
2122 2766 2206 2830 ad
2235 2766 2497 2850 dampn'

216 2850 509 2929 Domini,
537 2858 730 2935 prout
757 2855 1157 2935 compertum
1192 2858 1291 2916 est
1323 2851 1465 2916 4od.
1488 2890 1580 2901 —
1602 2852 1983 2934 Injunetum
2012 2856 2111 2916 est
2146 2851 2274 2935 jur’
2305 2852 2497 2918 istius

212 2937 398 3002 villae
469 2942 534 3002 et
593 2936 839 3003 villatae
910 2938 991 3003 de
1048 2938 1469 3003 Walleshend
1542 2937 1715 3021 quod
1786 2936 2053 3001 videant
2123 2943 2497 3004 tenementa

212 3025 262 3090 J
263 3024 543 3089 ohannis
571 3024 653 3089 de
683 3024 1006 3089 Monkton
1033 3025 1105 3088 in
1133 3032 1452 3108 quantum
1481 3022 1965 3089 deteriorantur.

308 3111 710 3176 HEWORTHS.
835 3113 882 3177 J
884 3111 1158 3176 ohannis
1208 3112 1424 3196 Awyn
1469 3110 1533 3194 [“
1556 3110 1773 3194 cepit”
1823 3111 2034 3174 struck
2090 3110 2222 3194 out]
2273 3130 2389 3194 pro
2432 3111 2496 3178 le

214 3198 557 3280 Outlowys
589 3217 705 3282 per
744 3198 962 3282 ipsum
1005 3197 1296 3282 eapiend'
1339 3218 1546 3282 usque
1590 3197 1829 3261 festum
1872 3196 1934 3261 S.
1980 3196 2254 3262 Martini
2285 3235 2311 3247 -
2343 3235 2371 3246 -
2405 3204 2494 3265 6s.

214 3283 320 3348 Sd.
344 3323 433 3333 —
456 3285 836 3368 Injunetum
864 3288 964 3349 est
994 3284 1120 3368 jur’
1152 3284 1324 3368 quod
1353 3284 1619 3348 videant
1648 3282 1787 3368 oep‘
1817 3283 1933 3368 [80]
1968 3283 2188 3368 plures
2219 3284 2493 3351 outlaws

210 3372 288 3436 in
317 3392 449 3436 uno
478 3370 618 3436 loeo
647 3370 775 3436 nisi
802 3377 1062 3436 tantum
1092 3392 1297 3435 unum
1326 3371 1500 3436 unde
1534 3390 1682 3455 pars
1712 3371 1927 3455 potuit
1953 3371 2174 3438 videre
2218 3373 2495 3458 desuper

209 3465 454 3523 terram
505 3464 573 3522 et
622 3458 680 3523 si
738 3464 856 3523 ete.
916 3462 984 3522 et
1041 3458 1125 3522 ad
1174 3478 1318 3542 quae
1377 3458 1661 3541 dampna
1717 3463 1833 3523 ete.
1855 3497 1943 3508 —
1967 3459 2348 3543 Injunetum
2394 3466 2494 3526 est

209 3544 674 3611 brasiatoribus
702 3544 881 3609 villae
924 3545 1099 3629 quod
1141 3565 1271 3609 non
1300 3544 1590 3609 vendant
1631 3544 1925 3629 lagenam
1964 3546 2253 3610 cervisiae
2281 3547 2492 3612 carius

210 3652 414 3717 quam
479 3632 508 3715 j
570 3631 614 3695 d
643 3667 672 3680 -
700 3633 799 3696 ob.
822 3665 912 3677 —
931 3633 1035 3696 De
1093 3630 1339 3696 Thoma
1396 3631 1662 3696 Leward
1721 3651 1836 3714 pro
1902 3631 2257 3696 eariaoione
2328 3634 2491 3716 petr’

207 3738 438 3784 versus
478 3737 715 3802 aquam
737 3717 818 3784 de
844 3718 892 3802 ij
925 3717 1114 3783 annis
1144 3717 1378 3802 elapsis
1404 3723 1490 3782 4s.
1515 3755 1606 3767 —
1625 3718 1729 3781 De
1757 3718 1803 3783 J
1806 3717 2060 3782 ohanne
2089 3717 2169 3781 de
2201 3716 2492 3784 Shaffeld

208 3826 330 3891 pro
372 3805 600 3870 eodem
644 3824 760 3889 per
807 3804 983 3870 idem
1028 3812 1287 3889 tempus
1337 3810 1425 3869 4s.
1442 3837 1533 3849 —
1548 3804 1652 3868 De
1698 3802 1922 3868 eodem
1968 3809 2035 3867 et
2082 3803 2363 3868 Roberto
2408 3804 2492 3870 de

208 3892 416 3957 Holm
472 3911 592 3975 pro
638 3911 908 3976 quarera
963 3891 1139 3976 apud
1187 3889 1442 3957 Chilsid
1498 3910 1617 3973 pro
1662 3909 1834 3953 anno
1885 3888 2195 3972 praedicto
2253 3894 2383 3956 l2s.
2400 3929 2491 3942 —

208 3978 592 4063 Inquiratur
634 3977 716 4042 de
744 3999 819 4043 66
900 3978 1048 4043 16116
1091 3977 1414 4061 praedietae
1447 3995 1731 4060 quarerae
1773 3995 1980 4059 usque
2007 3975 2186 4059 prox'
2231 3977 2378 4043 eur’.
2400 4018 2488 4029 —

206 4065 489 4130 Thomas
531 4065 800 4130 Leward
877 4065 1030 4131 abet
1070 4064 1407 4129 licenciam
1435 4062 1717 4128 amandi
1764 4062 1923 4146 petr’
1953 4062 2034 4127 de
2062 4083 2241 4128 mora
2284 4084 2489 4149 usque

207 4172 448 4238 aquam
478 4151 762 4217 solvend’
792 4173 854 4236 p.
884 4172 938 4217 a.
973 4151 1117 4216 40d.

292 4239 372 4303 M
373 4254 658 4304 οΝΚΤοΝ.
748 4238 1118 4303 Willelmus
1148 4236 1361 4301 Toller
1389 4235 1568 4320 [ete]
1601 4235 1629 4319 j
1636 4236 1744 4301 ur'.
1766 4273 1855 4285 —
1876 4236 1979 4301 De
2007 4235 2225 4301 Alicia
2252 4237 2490 4302 61161116

201 4325 530 4392 willelmi
558 4324 772 4390 Toller
796 4345 913 4409 pro
942 4325 1117 4409 leyr:
1161 4324 1325 4408 pleg.
1355 4321 1728 4388 Willelmus
1757 4322 1987 4400 Toller,
2021 4321 2120 4387 ed.

288 4414 714 4479 WERMOUTH.
802 4412 972 4496 Agn'
1018 4431 1166 4496 quae
1209 4410 1337 4474 fuit
1380 4428 1547 4472 uxor
1572 4408 1896 4473 willelmi
1937 4407 2061 4471 filii
2103 4407 2365 4471 Thomae
2401 4443 2430 4455 -
2457 4444 2485 4457 -

200 4502 374 4586 cepit
395 4499 816 4567 medietatem
837 4499 1034 4564 unius
1054 4517 1208 4563 mes.
1231 4502 1298 4562 et
1326 4494 1513 4578 xxiiij
1541 4514 1718 4559 aeras
1740 4499 1924 4559 terrae
1952 4513 2098 4576 quse
2114 4492 2485 4556 Willelmus
