3042 5034
600 516 680 573 52
1120 522 1439 572 HALMOTA
1468 521 1833 570 PRIORATUS
1863 520 2349 570 DUNELMENSIS.
2695 509 2887 567 1366.

602 687 851 766 partem
873 680 1047 747 villae
1077 681 1270 746 istius
1300 686 1367 746 et
1397 701 1601 745 unum
1633 680 1785 745 still'
1808 679 1891 744 ad
1921 678 2384 744 occidentalem
2407 685 2658 762 partem
2688 677 2889 742 istius

604 769 793 834 villae.
883 770 971 833 Et
1028 769 1223 834 etiam
1277 767 1453 852 quod
1503 767 1729 832 eadem
1780 773 1953 831 terra
2002 775 2069 832 et
2125 772 2298 830 terra
2344 766 2647 849 Hugonis
2695 764 2888 829 Paite

600 861 863 921 tenetur
892 856 1032 940 [sic]
1064 856 1355 920 invenire
1386 874 1595 919 unum
1625 854 1780 918 still'
1810 853 1982 917 infra
2010 852 2235 918 eadem
2251 852 2415 917 villa
2441 852 2616 917 inter
2643 857 2889 916 terram

603 963 804 1009 suam.
894 944 983 1007 Et
1011 943 1240 1008 dicunt
1268 941 1443 1026 quod
1486 941 1609 1006 hoc
1638 940 1833 1005 fiebat
1861 961 1902 1005 a
1928 947 2067 1005 toto
2094 946 2384 1024 tempore
2413 959 2544 1024 quo
2572 938 2891 1004 memoria

606 1050 741 1094 non
769 1030 1015 1095 existit.

691 1117 1302 1180 EST-MERYNGTON.
1391 1113 1551 1179 Dies
1595 1113 1784 1179 datus
1830 1120 1930 1179 est
1961 1113 2033 1197 [J
2036 1113 2280 1178 ohanni
2321 1112 2457 1177 filio
2499 1111 2768 1176 Ricardi
2806 1111 2887 1175 de

605 1201 1008 1289 Merington]
1040 1204 1123 1267 ad
1151 1201 1522 1266 habendum
1542 1200 1652 1265 hic
1681 1200 2016 1265 recordum
2039 1200 2111 1264 in
2131 1219 2261 1284 quo
2291 1200 2452 1264 dicit
2480 1219 2551 1264 se
2579 1198 2889 1263 habuisse

604 1289 941 1354 licenciam
988 1287 1373 1354 tabernandi
1418 1308 1626 1352 unum
1669 1287 2104 1372 mesuagium:
2170 1287 2278 1351 hic
2329 1286 2412 1351 ad
2457 1306 2637 1371 prox.
2691 1305 2888 1369 poena

605 1374 1015 1440 admissionis
1074 1376 1214 1460 [sic]
1265 1375 1560 1460 praedicti
1608 1375 1939 1459 mesuagii.
1961 1412 2044 1421 —
2073 1375 2456 1458 Injunctum
2514 1379 2616 1438 est
2673 1371 2887 1437 eidem

605 1463 652 1528 J
655 1462 898 1527 ohanm'
927 1462 1101 1545 quod
1130 1482 1261 1526 non
1300 1462 1496 1526 faciat
1540 1460 1621 1526 de
1665 1469 1875 1527 cetero
1918 1461 2209 1526 chaciam
2253 1467 2320 1525 et
2362 1460 2722 1525 rechaciam
2774 1478 2889 1542 per

606 1550 823 1614 averia
851 1570 969 1614 sua
997 1549 1410 1614 commorant’
1443 1547 1617 1631 apud
1647 1547 2207 1633 Wyndellesdonn
2247 1546 2321 1612 in
2364 1567 2595 1630 campo
2625 1546 2708 1611 de
2735 1546 2888 1610 Est-

607 1638 1000 1722 Meryngton
1027 1637 1151 1701 sub
1179 1656 1371 1719 poena
1400 1634 1810 1700 admissionis
1840 1641 2026 1699 terrae
2057 1640 2124 1700 et
2145 1639 2665 1700 tenementorum
2688 1653 2887 1718 quam

607 1729 787 1789 tenet
817 1724 896 1788 de
927 1723 1212 1787 Domino
1242 1722 1399 1807 [sic]

694 1811 1320 1875 Mm-MERYNGTON.
1439 1810 1862 1892 Compertum
1934 1812 2034 1873 est
2094 1828 2210 1891 per
2258 1808 2385 1892 jur'
2453 1806 2629 1891 quod
2680 1826 2890 1870 unum

606 1898 947 1983 cotagium,
998 1897 1173 1981 quod
1222 1896 1547 1980 eotagium
1588 1894 1960 1959 Willelmus
2021 1894 2239 1960 Cerier
2287 1894 2462 1978 cepit
2518 1894 2594 1958 in
2635 1892 2890 1959 ultimis

605 1984 936 2049 Halmotis
994 1984 1450 2050 deterioratum
1498 1982 1627 2046 fuit
1677 1981 1749 2045 in
1798 1988 2033 2046 tenura
2082 1981 2344 2046 Ricardi
2387 1980 2634 2046 Milner
2684 2000 2898 2064 nuper

604 2070 886 2135 tenentis
917 2070 1206 2153 ejusdem
1235 2070 1319 2135 ad
1346 2069 1631 2134 valorem
1661 2075 1791 2134 13s.
1826 2068 1927 2133 4d.

701 2247 887 2319 1366,
918 2241 1263 2326 II.—[The
1292 2249 1408 2327 top
1434 2249 1551 2308 cut
1580 2263 1781 2327 away.
1868 2241 2184 2307 Indorsed
2219 2247 2385 2307 1366
2416 2242 2488 2306 in
2515 2246 2650 2306 two
2679 2239 2892 2305 hands

607 2330 680 2394 of
704 2329 1017 2413 probably
1045 2328 1159 2393 the
1189 2330 1525 2394 sixteenth
1553 2335 1843 2413 century,
1872 2330 2003 2394 and
2030 2330 2102 2394 in
2132 2329 2542 2395 Stevenson’s
2566 2329 2622 2413 ἲ]

698 2416 1062 2479 Hsswon'm.
1150 2416 1255 2480 De
1312 2416 1646 2480 Willelmo
1705 2418 1787 2482 de
1846 2416 2249 2493 Wermouth‚
2301 2416 2577 2481 Ricardo
2631 2414 2893 2499 Smyth,

608 2502 889 2567 Roberto
933 2501 1176 2580 Teffon,
1218 2502 1265 2567 J
1266 2503 1522 2568 ohanne
1573 2504 1655 2568 de
1707 2502 2052 2581 Schaffeld‚
2096 2503 2415 2569 Nicholao
2465 2503 2781 2579 Forester,
2826 2511 2896 2567 et

607 2591 654 2655 J
657 2589 911 2654 ohanne
942 2590 1022 2654 de
1053 2588 1392 2675 Schepley‚
1419 2590 1537 2674 qui
1558 2591 1733 2674 apud
1760 2590 1824 2655 le
1853 2590 2151 2654 Milnhffl
2173 2591 2433 2656 Ricardi
2455 2590 2561 2655 del
2585 2588 2892 2674 Kytchin

608 2676 854 2760 depast'
885 2697 1002 2761 per
1042 2677 1260 2742 averia
1302 2698 1524 2742 eorum
1568 2678 1653 2742 ad
1701 2677 2060 2761 dampnum
2107 2677 2313 2761 ipsius
2365 2677 2647 2754 Ricardi,
2696 2682 2894 2761 prout

610 2768 1011 2847 compertum
1055 2769 1154 2829 est
1195 2785 1311 2849 per
1345 2765 1472 2849 jur’
1521 2764 1640 2841 sd„
1683 2763 1766 2828 de
1809 2764 2265 2829 misericordia.
2361 2765 2466 2848 Inj
2474 2772 2749 2828 unctum
2793 2771 2896 2828 est

607 2851 911 2916 omnibus
951 2852 1325 2917 tenentibus
1352 2851 1489 2915 vill’
1520 2851 1639 2936 qui
1677 2850 2090 2935 deliquerunt
2118 2850 2394 2916 Ricardo
2438 2851 2546 2916 del
2588 2851 2892 2935 Kytehin

606 2938 680 3002 in
725 2938 916 3003 blado
950 2938 1051 3003 vel
1081 2938 1152 3003 in
1195 2939 1498 3022 herbagio
1528 2959 1646 3003 suo
1674 2938 1781 3003 vel
1812 2938 2000 3003 aliter
2026 2938 2200 3021 quod
2236 2939 2546 3004 accedant
2575 2938 2660 3002 ad
2689 2937 2894 3002 eecle-

605 3025 772 3090 siam
799 3026 880 3090 de
909 3028 955 3090 J
958 3046 1127 3090 arow
1157 3025 1262 3090 die
1293 3025 1640 3090 Dominica
1664 3045 1845 3109 prox.
1877 3026 2099 3090 futura
2126 3033 2194 3090 et
2213 3025 2457 3091 ibidem
2486 3025 2895 3090 satisfaciant

609 3112 919 3195 praedicto
955 3111 1231 3177 Ricardo
1261 3112 1341 3177 de
1372 3112 1672 3195 dampnis
1701 3111 2028 3195 praedictis
2060 3112 2233 3177 unde
2260 3133 2331 3178 se
2361 3113 2497 3177 sola
2527 3133 2731 3177 manu
2759 3133 2894 3177 non

609 3218 725 3282 per
768 3204 873 3262 act
903 3247 916 3264 .
950 3248 963 3261 .
998 3248 1011 3262 .
1046 3199 1167 3263 sub
1210 3219 1403 3283 poena
1452 3198 1597 3264 12d.
1641 3199 1928 3264 solvend’
1958 3219 2075 3282 per
2116 3198 2307 3264 illum
2339 3200 2456 3284 qui
2497 3200 2571 3264 in
2612 3200 2894 3264 deffectu

608 3284 1288 3454 ffissssfiffleii‘qssssss‘}
1318 3284 2027 3457 {ffiffiffmssigs
2037 3285 2397 3439 ⁸²32?ssss
2416 3286 2687 3438 [2²35.ss
2710 3287 2895 3458 {³3¹5

610 3456 879 3520 videant
925 3456 1209 3540 dampna
1265 3459 1437 3523 facta
1494 3459 1567 3523 in
1625 3459 2015 3525 tenementis
2068 3460 2393 3544 quondam
2437 3460 2761 3526 Willelmi
2809 3461 2894 3526 de
3017 3463 3018 3482 ¹

611 3542 920 3609 Gisbwen
951 3564 1098 3627 quae
1140 3545 1187 3610 J
1189 3544 1474 3611 ohannes
1503 3546 1835 3630 Taillyour
1877 3547 2059 3631 prius
2102 3547 2317 3611 tenuit
2360 3568 2507 3632 quae
2548 3548 2597 3614 J
2599 3549 2893 3613 ohannes
3015 3579 3016 3592 κ

611 3630 921 3716 watlok
950 3652 1128 3697 nunc
1158 3637 1340 3698 tenet
1367 3638 1434 3698 et
1463 3632 1723 3718 dampn’
1755 3638 2148 3717 praesentent
2175 3633 2260 3698 ad
2287 3654 2463 3720 prox.

698 3720 1198 3784 Hmnnwonm.
1316 3719 1422 3804 Inj
1431 3725 1702 3784 unctum
1775 3725 1877 3785 est
1948 3720 2249 3785 omnibus
2320 3721 2698 3786 tenentibus
2755 3721 2895 3786 vill’

608 3807 840 3890 nequis
870 3827 1090 3871 eorum
1119 3808 1472 3890 depascant
1501 3807 1644 3892 [sic]
1673 3806 1770 3872 les
1808 3806 1973 3890 leyis
2003 3807 2125 3871 sub
2147 3827 2342 3892 poena
2366 3808 2509 3875 40d.
2587 3808 2889 3893 lnqnira-

608 3898 717 3956 tur
746 3893 829 3956 ad
873 3895 1051 3976 prox’
1082 3894 1164 3959 de
1209 3895 1493 3959 multura
1537 3894 1705 3959 sicca
1736 3893 1955 3960 debita
1998 3913 2073 3958 eo
2102 3894 2274 3978 quod
2318 3900 2624 3960 tenentur
2653 3897 2893 3960 molere
3007 3935 3008 3952 1

609 3978 694 4041 ad
735 3978 854 4061 xiij
901 4000 1018 4044 vas
1062 3985 1128 4044 et
1173 3980 1422 4047 molent
1465 3979 1550 4045 ad
1593 3981 1872 4046 molend'
1901 3981 1984 4045 de
2029 4030 2044 4045 .
2091 4031 2106 4045 .
2156 4031 2170 4046 .
2217 3982 2301 4046 ad
2345 4003 2439 4045 xx
2478 4002 2595 4047 vas
2639 4003 2760 4067 per
2801 4004 2890 4047 xx

608 4084 813 4129 annos
844 4064 1112 4148 elapsos.

696 4150 1119 4218 WERMOUTH.
1210 4152 1369 4219 Dies
1413 4155 1606 4220 datus
1651 4159 1751 4221 est
1777 4154 2115 4219 willelmo
2160 4154 2400 4232 (latter,
2437 4154 2704 4221 'I'homae
2731 4156 2892 4241 Wy·

606 4236 873 4314 douson,
913 4238 1243 4322 Stephano
1288 4240 1513 4306 Carter
1556 4247 1624 4307 et
1650 4240 1983 4307 Willelmo
2026 4240 2162 4306 filio
2190 4241 2454 4307 Ricardi
2494 4242 2673 4327 quod
2715 4263 2892 4309 acce·

606 4325 767 4390 dant
788 4324 961 4409 apud
984 4325 1367 4391 Wermouth
1390 4328 1498 4393 die
1520 4329 1756 4392 Martis
1777 4328 1850 4392 in
1870 4328 2037 4393 festo
2058 4328 2513 4395 translacionis
2545 4329 2605 4395 S.
2632 4330 2891 4395 Thomae

606 4412 791 4495 [This
844 4412 1026 4489 feast,
1070 4412 1130 4476 if
1174 4418 1243 4477 at
1288 4413 1401 4478 the
1446 4414 1835 4479 translation
1880 4415 1953 4479 of
2007 4415 2068 4480 S.
2122 4414 2401 4481 Thomas
2452 4417 2566 4483 the
2623 4419 2889 4503 apostle,

605 4499 652 4563 J
656 4498 771 4582 uly
806 4505 862 4576 3,
888 4498 1006 4563 fell
1036 4519 1121 4564 on
1150 4498 1446 4585 Tuesday
1475 4501 1549 4565 in
1576 4500 1688 4566 the
1717 4521 1873 4585 year
1907 4506 2137 4566 1369=
2160 4502 2274 4568 G.:
2317 4503 2377 4567 if
2399 4504 2474 4568 of
2502 4504 2652 4570 that
2680 4506 2755 4570 of
2777 4526 2891 4571 our
2997 4495 2998 4520 ἦ
