3042 5034
221 533 411 593 1379.
753 544 1073 592 ΗΑιΜοΤΑ
1103 544 1468 592 PaloRArus
1497 543 1982 592 DUNELMENSIS.
2385 533 2508 592 153

217 703 344 765 bus
373 701 654 785 negotiis
675 700 852 766 villae
883 709 949 766 et
979 723 1096 786 pro
1125 701 1337 766 hirsill
1369 708 1435 766 et
1464 702 1711 766 custod.
1740 701 2137 777 animalium,
2164 701 2285 765 sub
2315 721 2511 785 poena

217 789 372 852 xld.
404 788 694 853 solvend.
725 809 842 872 per
869 789 1060 854 illum
1090 791 1204 873 qui
1235 791 1303 852 in
1349 790 1609 853 defectu
1654 790 1986 873 reperitur.
2007 827 2096 838 —
2117 789 2399 853 Matilda
2429 789 2509 853 de

217 875 528 940 Howden
569 875 767 940 habet
811 876 985 940 diem
1029 877 1113 941 ad
1157 877 1427 940 faciend.
1459 876 1666 959 legem
1708 897 1890 940 suam
1922 896 2072 940 cum
2101 876 2166 958 vj
2201 897 2399 939 manu
2428 876 2510 940 ad

216 984 401 1046 prox,
434 982 564 1027 cur.
597 983 672 1027 eo
694 963 867 1046 quod
896 985 1029 1027 non
1053 964 1246 1047 fregit
1274 964 1777 1027 convencionem
1797 983 2022 1027 versus
2051 962 2097 1026 J
2101 963 2199 1026 oh.
2232 964 2313 1026 de
2342 964 2507 1046 Fery

217 1056 421 1133 prout
441 1050 632 1133 praed.
656 1050 702 1114 J
706 1051 805 1113 oh.
837 1052 1133 1133 queritur
1161 1051 1242 1114 de
1272 1051 1464 1134 praed.
1497 1050 1780 1114 Matilda
1801 1051 1882 1114 de
1913 1051 2094 1126 bras„
2113 1050 2287 1113 unde
2316 1050 2506 1133 praed.

216 1137 265 1200 J
268 1137 372 1200 oh.
405 1136 674 1200 admisit
704 1135 841 1222 [sio]
873 1139 1231 1221 proficuum
1263 1139 1342 1200 ad
1376 1138 1587 1221 damp.
1619 1159 1663 1200 x
1688 1158 1733 1202 s.

311 1223 592 1287 Wnsm.
666 1224 769 1289 De
814 1225 1092 1309 Hugone
1139 1225 1325 1288 Paite
1368 1245 1443 1288 eo
1489 1225 1663 1308 quod
1707 1224 1836 1288 fuit
1879 1222 2206 1289 errebellis
2254 1223 2393 1308 [sic]
2436 1223 2507 1287 in

217 1310 406 1374 curia
434 1311 508 1374 in
546 1312 898 1394 praesencia
927 1312 1095 1376 dom.
1128 1312 1371 1375 Prioris
1402 1333 1492 1374 xx
1512 1332 1559 1375 s.
1588 1336 1602 1375 ε
1647 1312 2046 1375 condonatur
2075 1332 2192 1394 per
2223 1312 2509 1375 Priorem

215 1418 431 1481 usque
457 1397 528 1460 xl
547 1399 606 1461 d.
675 1398 1056 1481 Injunctum
1080 1406 1180 1462 est
1210 1400 1489 1463 Roberto
1512 1398 1598 1463 fil.
1623 1400 1904 1480 Thomae,
1928 1398 2108 1462 Will.
2136 1400 2417 1481 Patison‚
2442 1407 2510 1463 et

216 1485 310 1548 fil.
341 1485 669 1548 Johannis
712 1486 800 1550 fil.
831 1486 996 1550 Adae
1026 1486 1199 1569 quod
1244 1485 1467 1549 nullus
1514 1507 1735 1549 eorum
1781 1486 2102 1550 insultent
2145 1486 2396 1568 aliquos
2428 1486 2508 1550 de

216 1572 563 1635 vicinitate
606 1573 771 1637 dom.
820 1573 1061 1637 Prioris
1107 1574 1227 1636 sub
1272 1593 1465 1656 poena
1510 1572 1582 1635 xl
1604 1593 1652 1636 S.
1699 1571 1981 1637 solvend.
2036 1580 2156 1636 etc.
2247 1573 2508 1656 [Cokky

213 1680 430 1722 occurs
458 1680 531 1723 as
559 1681 603 1723 a
629 1660 974 1745 sammua]

307 1745 532 1809 Mum.
631 1747 732 1829 Inj
742 1756 1010 1811 unctum
1043 1747 1343 1810 omnibus
1367 1754 1492 1810 ten.
1527 1745 1701 1829 quod
1726 1746 2003 1829 quilibet
2020 1767 2238 1810 eorum
2264 1747 2507 1810 faciant

217 1833 442 1897 fossat.
455 1833 535 1897 de
551 1833 645 1897 les
664 1833 957 1917 lonyngs‚
978 1835 1253 1917 quilibet
1272 1833 1445 1917 [pro]
1467 1841 1647 1917 parte
1667 1853 1802 1909 sua,
1820 1853 1899 1896 ex
1921 1842 2103 1916 parte
2121 1832 2507 1897 occidentali

217 1921 302 1984 de
327 1919 792 2003 Bischoplawe,
810 1922 973 1985 citra
1002 1923 1241 1985 festum
1263 1922 1321 1985 S.
1344 1922 1390 1984 J
1394 1921 1574 1983 acobi
1594 1928 1770 2002 prox.
1791 1921 1909 1984 fut.
1931 1921 1994 2002 vj
2024 1920 2101 1996 d.,
2121 1920 2505 1984 solvendum

215 2014 343 2073 etc.
369 2045 461 2057 —
484 2007 877 2072 Ordinatum
906 2016 1006 2072 est
1035 2029 1115 2071 ex
1147 2008 1474 2071 communi
1505 2028 1772 2070 assensu
1804 2008 1975 2091 quod
2009 2007 2227 2071 nullus
2258 2013 2507 2091 ponant

218 2094 473 2177 lapides
504 2115 698 2178 super
725 2094 1022 2158 alienam.
1053 2101 1200 2158 terr.
1232 2096 1354 2158 sub
1385 2115 1577 2177 poena
1607 2093 1671 2177 vj
1697 2095 1755 2157 (1.
1781 2132 1867 2144 —-
1886 2094 1989 2157 De
2020 2095 2197 2158 Will.
2227 2096 2507 2159 Currour

217 2182 377 2264 quia
405 2182 619 2245 noluit
638 2183 857 2245 venire
879 2182 960 2245 ad
984 2184 1457 2265 reparacionem
1483 2183 1694 2263 stagni
1715 2180 2069 2245 molendini
2093 2203 2239 2245 cum
2272 2182 2505 2246 vicinis

217 2270 376 2344 suis,
401 2267 482 2332 de
513 2269 662 2331 m'ia
689 2269 754 2352 vj
778 2269 834 2333 d.
856 2305 941 2318 -—
962 2269 1368 2352 Praeceptum
1399 2277 1497 2332 est
1530 2277 1640 2332 att.
1674 2270 1720 2332 J
1722 2269 1823 2331 oh.
1856 2267 1937 2332 de
1970 2270 2389 2353 Heghington
2422 2270 2505 2334 ad

216 2355 496 2419 liberam
540 2356 787 2419 curiam
832 2356 913 2419 ad
958 2356 1250 2438 respond.
1285 2356 1366 2418 de
1410 2356 1615 2438 spinis
1660 2357 1926 2420 succisis
1970 2356 2141 2420 infra
2184 2378 2503 2440 campum.

211 2480 309 2492 -—
332 2442 752 2525 Compertum
775 2451 876 2506 est
904 2463 1018 2526 per
1040 2444 1162 2526 jur.
1196 2442 1368 2525 quod
1393 2443 1418 2525 j
1455 2463 1658 2525 agnus
1688 2443 1958 2507 inventa
1982 2443 2121 2527 [sic]
2147 2444 2218 2506 in
2242 2444 2375 2508 alta
2397 2445 2506 2507 via

215 2549 336 2613 per
379 2529 534 2613 Rog.
581 2529 943 2601 Arusmith‚
986 2531 1158 2594 unde
1204 2531 1563 2612 proficuum
1608 2530 1871 2593 devenit
1915 2551 2030 2612 per
2058 2551 2101 2593 v
2132 2552 2231 2594 an.
2264 2532 2386 2596 viz.
2431 2532 2501 2614 iij

216 2636 362 2700 agn.
395 2617 479 2699 vj.
513 2616 674 2700 fieys
703 2617 903 2699 precii
934 2617 978 2699 ij
1003 2638 1047 2681 s.
1073 2617 1188 2699 viij
1216 2617 1275 2680 d.

307 2703 513 2767 ESTM.
607 2704 989 2786 Injunctum
1034 2705 1335 2767 omnibus
1380 2709 1510 2767 ten.
1562 2702 1739 2767 villae
1783 2703 1956 2786 quod
2015 2703 2238 2766 nullus
2283 2725 2504 2767 eorum

217 2789 618 2855 maledicant
662 2791 822 2854 alios
867 2792 936 2853 in
982 2791 1194 2855 verbis
1225 2789 1329 2853 vel
1376 2790 1567 2853 factis
1614 2790 1694 2853 de
1739 2798 1948 2852 cetero
1979 2791 2099 2852 sub
2131 2810 2324 2873 poena
2352 2790 2424 2853 xl
2442 2790 2501 2854 d.

214 2875 506 2941 solvend.
539 2884 658 2942 etc.
681 2878 890 2941 —De
918 2878 1165 2941 Thoma
1208 2877 1452 2940 Milner
1495 2876 1651 2959 quia
1693 2876 2013 2938 insultum
2055 2877 2211 2939 fecit
2255 2876 2505 2940 Simoni

205 2964 474 3028 Jonson
496 2972 563 3027 et
587 2965 760 3047 cepit
791 2985 994 3027 unum
1015 2963 1317 3028 baculum
1337 2963 1531 3047 praed.
1559 2963 1857 3038 SimoniS‚
1881 2970 2073 3045 prout
2102 2970 2501 3045 compertum

203 3058 337 3127 est,
359 3050 444 3115 ad
468 3051 752 3135 dampna
772 3051 866 3134 iiij
889 3052 967 3128 d.,
984 3051 1066 3115 de
1090 3052 1239 3115 m’ia
1270 3052 1333 3134 vj
1357 3051 1413 3113 (1.
1435 3087 1524 3097 -
1542 3050 1644 3113 De
1668 3049 1913 3112 Thoma
1934 3048 2178 3112 Milner
2199 3069 2316 3132 pro
2338 3051 2504 3114 falsa

215 3137 484 3221 querela
511 3158 628 3201 sua
650 3152 876 3202 versus
906 3139 1238 3203 Simonem
1266 3140 1312 3204 J
1316 3158 1538 3213 onson,
1570 3142 1763 3219 prout
1792 3143 2189 3219 compertum
2216 3143 2330 3212 est,
2353 3138 2417 3220 vj
2442 3137 2499 3202 (1.

214 3226 435 3289 —De
482 3225 764 3289 Roberto
812 3225 899 3289 fil.
952 3226 1214 3289 Thomae
1257 3225 1338 3288 de
1383 3226 1719 3288 Westmer.
1752 3243 1867 3306 pro
1911 3230 2105 3288 trans,
2137 3224 2309 3288 facta
2349 3225 2394 3288 J
2400 3225 2500 3289 oh.

215 3311 454 3388 Smith,
478 3322 673 3395 prout
701 3318 1104 3395 compertum
1133 3319 1248 3387 est,
1278 3312 1360 3375 ad
1380 3311 1592 3394 damp.
1624 3311 1830 3394 ipsius
1852 3310 1898 3374 J
1901 3310 2000 3374 oh.
2032 3332 2121 3374 xx
2142 3312 2220 3388 d.,
2242 3312 2323 3376 de
2353 3313 2503 3376 m’ia

213 3400 281 3482 vj
305 3399 363 3463 (1.
386 3437 478 3448 -
498 3400 602 3463 De
643 3399 690 3463 ,J
694 3399 793 3462 oh.
828 3400 1041 3463 Smith
1071 3420 1187 3482 pro
1232 3406 1425 3462 trans.
1459 3399 1631 3461 facta
1673 3398 1866 3480 praed.
1899 3398 2077 3475 Rob„
2106 3406 2300 3482 prout
2330 3421 2503 3463 com-

213 3493 378 3570 pert.
411 3492 529 3562 est,
559 3486 641 3549 de
669 3486 882 3570 damp.
915 3508 958 3549 x
978 3487 1056 3562 d.,
1087 3487 1167 3551 de
1196 3486 1349 3549 m'ia
1376 3486 1440 3569 vj
1465 3486 1522 3548 d.
1540 3519 1633 3533 —
1655 3486 1811 3549 Rob.
1845 3485 1930 3549 fil.
1962 3486 2225 3550 Thomae
2248 3487 2504 3551 invenit

215 3572 385 3657 pleg.
414 3573 496 3637 de
517 3593 673 3656 pace
695 3574 741 3637 J
745 3574 847 3637 oh.
871 3573 942 3636 fil
972 3573 1136 3637 Adae
1165 3581 1232 3659 et
1256 3574 1421 3636 Hen.
1446 3573 1528 3636 de
1558 3573 1625 3635 N
1627 3581 1823 3636 euton
1846 3592 2072 3636 versus
2102 3573 2146 3636 J
2150 3574 2248 3636 oh.
2285 3573 2502 3638 Smith

217 3661 300 3724 de
330 3661 747 3743 Meryngton‚
778 3661 900 3724 sub
942 3680 1137 3743 poena
1167 3679 1270 3724 cs,
1358 3659 1447 3722 Et
1489 3659 1639 3724 Joh.
1674 3658 1887 3723 Smith
1930 3660 2184 3723 invenit
2224 3660 2388 3743 pleg.
2415 3696 2502 3708 —

217 3747 614 3811 Ordinatum
635 3755 736 3811 est
763 3755 896 3811 tam
929 3767 1010 3811 ex
1041 3767 1306 3811 assensu
1330 3745 1579 3810 domini
1609 3767 1802 3829 quam
1833 3747 2124 3809 omnium
2154 3752 2280 3810 ten.
2314 3747 2501 3810 villa-

213 3855 363 3899 rum
393 3835 569 3897 infra
596 3834 956 3898 dominium
1000 3854 1209 3909 suum,
1240 3832 1413 3916 quod
1458 3833 1682 3897 nullus
1728 3853 2127 3896 commorans
2157 3833 2227 3896 in
2258 3833 2502 3897 eisdem

214 3920 523 3986 extrahat
564 3921 904 3986 cultellum
946 3920 1053 3984 vel
1096 3922 1271 3985 levet
1313 3920 1618 3984 baculum
1662 3940 1777 4002 pro
1822 3920 1993 3983 malo
2037 3920 2348 3998 faciendO,
2380 3921 2501 3986 sub

199 4029 413 4092 .poena
466 4008 535 4071 xl
555 4008 613 4072 d.
702 4008 792 4072 Et
847 4008 1053 4073 eciam
1111 4008 1214 4071 illi
1272 4008 1389 4090 qui
1437 4008 1757 4091 percussit
1805 4005 1945 4093 [sic]
2009 4007 2291 4091 aliquem
2352 4029 2501 4073 cum

216 4095 470 4172 bacu10‚
500 4094 782 4173 cultello,
813 4095 919 4159 vel
961 4095 1176 4179 gladio
1219 4094 1430 4158 solvat
1474 4093 1737 4157 domino
1768 4094 1853 4158 di.
1885 4114 2073 4158 marc.
2165 4095 2251 4158 Et
2296 4097 2502 4160 eciam

214 4182 391 4267 quod
436 4182 740 4247 mulieres
785 4189 1196 4265 compescant
1239 4182 1495 4264 linguas
1541 4201 1708 4256 suaS,
1738 4201 1870 4245 non
1914 4181 2356 4246 maledicendo
2387 4203 2503 4247 seu

212 4269 552 4354 litigand0‚
575 4270 697 4334 sub
727 4290 920 4353 poena
941 4270 1031 4353 xij
1058 4269 1116 4335 d.
1149 4268 1434 4334 solvend.
1460 4289 1577 4352 per
1605 4268 1788 4331 illam
1812 4270 1926 4353 qui
1956 4267 2096 4354 [sic]
2129 4269 2199 4332 in
2223 4269 2500 4333 deffectu

210 4379 279 4422 re
365 4357 548 4420 ritur.

281 4378 502 4509 ΡἙΫΕΒΥ.
595 4443 976 4527 Injunctum
1035 4448 1133 4507 est
1206 4441 1507 4506 omnibus
1568 4448 1696 4505 ten.
1756 4441 1934 4504 villae
1991 4439 2165 4523 quod
2225 4440 2504 4524 quilibet

209 4553 438 4598 eorum
492 4530 802 4595 claudant
850 4530 1097 4615 gardin.
1145 4536 1298 4593 ante
1341 4535 1408 4593 et
1458 4535 1627 4593 retro
1674 4527 1837 4591 citra
1880 4528 2121 4591 festum
2167 4526 2227 4589 S.
2269 4527 2315 4591 J
2319 4525 2502 4588 acobi
