3042 5034
555 518 584 577 1
599 518 634 576 2
643 518 678 576 2
1072 524 1384 574 HALMOTA
1414 524 1777 575 PRIOBATUS
1810 525 2169 575 DUNELMEN
2171 526 2284 577 818.
2443 518 2471 576 l
2483 518 2521 575 3
2532 516 2567 576 7
2575 518 2679 576 3-1
2696 519 2732 576 3
2742 518 2774 577 7
2782 522 2840 577 4.

552 687 632 751 (16
655 686 800 769 jure
828 682 1044 747 viduae
1072 703 1148 747 eo
1178 682 1351 767 quod
1379 683 1602 747 nullus
1630 683 1713 748 de
1741 683 2055 767 sanguine
2097 684 2303 768 ipsius
2332 685 2495 750 Eliae
2524 706 2645 769 pro
2674 707 2841 769 prae-

551 774 728 838 dicta
783 770 1129 835 medietate
1196 770 1380 833 finire
1450 770 1766 835 voluerit:
1831 770 2105 835 habend’
2175 779 2242 836 et
2300 772 2431 836 ten’
2490 773 2578 836 ad
2652 780 2837 837 term.

549 862 702 924 vitae
746 878 879 923 suae
920 857 1004 921 ad
1047 856 1300 920 firmam
1345 855 1599 920 denar’:
1642 856 1814 922 redd
1867 857 2022 922 inde
2071 858 2385 923 scaccario
2436 879 2555 943 pro
2604 859 2840 944 primis

552 948 802 1012 duobus
846 944 1033 1008 annis
1062 943 1353 1027 quolibet
1395 962 1567 1007 anno
1603 949 1751 1020 186,
1781 949 1847 1007 61
1889 950 2114 1027 postea
2141 945 2433 1028 quolibet
2476 967 2649 1010 anno
2700 952 2837 1010 206.

549 1041 619 1100 61
637 1038 975 1118 argentum
996 1030 1265 1106 terrarii,
1284 1029 1504 1093 servic'
1529 1030 1723 1095 debit'
1742 1029 1922 1106 offic’‚
1940 1031 2060 1095 viz.
2082 1031 2381 1096 celerario
2405 1038 2475 1096 et
2491 1033 2838 1096 elemosin-

555 1122 723 1185 ario:
753 1125 817 1183 et
845 1118 965 1181 fac’
988 1116 1270 1180 Domino
1302 1115 1495 1199 [etc.].
1562 1117 1750 1201 Cepit
1773 1118 1974 1181 eciam
2007 1138 2211 1182 unum
2233 1118 2629 1204 bondagium
2658 1119 2841 1203 quod

553 1208 818 1292 praefata
846 1203 1060 1267 Alicia
1087 1203 1265 1286 prius
1294 1203 1508 1266 tenuit
1536 1209 1613 1267 ut
1640 1203 1721 1268 de
1741 1205 1888 1286 jure
1906 1204 2152 1268 viduae:
2187 1204 2462 1269 habend’
2485 1211 2552 1270 et
2574 1206 2840 1270 tenend'

552 1294 634 1358 ad
663 1300 842 1357 term.
876 1290 1028 1353 vitae
1057 1309 1225 1353 suae:
1268 1288 1441 1354 redd.
1472 1296 1541 1353 et
1569 1290 1863 1355 faciendo
1892 1291 2163 1374 antiqua
2205 1292 2477 1356 servicia
2506 1299 2576 1356 61
2618 1292 2840 1357 16(1(11-

551 1387 659 1445 166
690 1415 717 1427 -
749 1414 776 1426 -
805 1377 891 1440 Ε1
921 1375 1033 1439 (161
1061 1396 1176 1459 pro
1206 1375 1493 1459 gres'm'a
1525 1376 1667 1440 40&

639 1466 949 1531 SGHELES.
1038 1463 1139 1526 De
1190 1463 1236 1526 J
1238 1461 1492 1526 ohanne
1543 1462 1625 1527 de
1669 1462 1927 1548 Merlay
1970 1484 2086 1547 pro
2129 1464 2402 1529 licencia
2442 1465 2841 1530 taber-nandi

549 1555 919 1619 tenementa
947 1569 1065 1614 sua
1091 1549 1175 1613 ad
1203 1555 1384 1613 term.
1415 1549 1572 1613 vitae
1599 1549 1767 1634 Agn'
1798 1550 2019 1615 uxoris
2047 1571 2183 1615 6666
2211 1552 2332 1616 viz.
2363 1552 2436 1615 in
2466 1552 2843 1635 Wyuestou

550 1648 618 1708 et
661 1640 732 1703 in
772 1638 837 1704 16
882 1636 1105 1702 Sheles
1149 1655 1279 1699 666
1323 1635 1671 1700 sufficienti
1718 1638 1987 1715 tenenti,
2035 1637 2215 1702 4od.:
2265 1638 2672 1704 condonatur
2717 1660 2841 1724 per

550 1736 1002 1879 ωτέἑιειῐιῑῐῖω.
1091 1809 1323 1874 Petrus
1375 1807 1621 1874 Milner
1668 1809 1749 1873 de
1800 1810 2116 1875 Schotton
2158 1812 2332 1912 cepit
2380 1811 2839 1877 molendinum

437 1968 444 1973 ,
552 1900 969 1967 ventriticum
999 1896 1080 1960 de
1108 1895 1441 1961 Hesilden.
1459 1935 1550 1944 —
1571 1896 1673 1960 De
1702 1896 2078 1961 Alexandro
2107 1897 2350 1964 Milner
2390 1918 2508 1983 pro
2539 1919 2686 1964 6166
2714 1920 2838 1983 pro

549 1988 836 2053 multura
876 1988 1198 2050 reservata
1240 1988 1567 2067 asportata
1608 1981 1689 2047 de
1732 1983 2104 2049 molendino
2135 2022 2162 2032 -
2193 2023 2220 2035 -
2255 1986 2353 2050 6d.
2445 1986 2839 2070 Injunctum

548 2083 648 2140 est
675 2073 886 2138 eidem
903 2071 1057 2154 quia
1085 2069 1311 2155 [quod]
1341 2068 1596 2133 differat
1624 2070 1998 2153 praedictam
2026 2071 2249 2137 arkam
2271 2073 2354 2137 ad
2382 2072 2837 2137 molendinum

549 2162 719 2225 infra
746 2178 1049 2222 mensem.

638 2247 924 2312 COUPON.
1014 2242 1359 2326 [Fourteen
1382 2243 1594 2326 jurors
1622 2241 1759 2306 find
1791 2241 1937 2307 that
1980 2244 2214 2309 twelve
2255 2265 2542 2329 persons,
2572 2246 2837 2311 includ-

549 2336 663 2417 ing
689 2330 804 2397 the
832 2330 1030 2393 Vicar
1057 2329 1130 2392 of
1155 2328 1555 2414 Billingham
1583 2330 1712 2393 and
1740 2328 1853 2394 the
1882 2338 2145 2396 servant
2173 2332 2246 2396 of
2281 2333 2462 2397 John
2505 2333 2738 2398 Pulter
2767 2334 2845 2398 of

552 2419 863 2493 Durham,
892 2414 1127 2481 chased
1156 2414 1227 2478 in
1269 2414 1383 2480 the
1413 2436 1660 2481 warren
1687 2417 1759 2480 of
1794 2416 1908 2481 the
1937 2418 2121 2482 Prior
2148 2419 2221 2483 in
2249 2438 2561 2484 common.
2654 2420 2841 2504 They

549 2507 742 2571 know
771 2510 888 2568 not
911 2502 1086 2566 what
1108 2521 1238 2566 was
1268 2501 1513 2586 taken,]
1545 2509 1580 2536 “
1597 2502 1710 2567 sed
1739 2502 1970 2567 dicunt
1999 2505 2172 2588 quod
2199 2505 2593 2571 audiverunt
2621 2506 2841 2572 dicere

549 2592 721 2677 quod
739 2590 1014 2655 Thomas
1036 2589 1211 2653 filius
1233 2588 1505 2653 Andreae
1526 2589 1675 2674 [one
1697 2590 1769 2653 of
1791 2589 1904 2654 the
1933 2590 2276 2676 offenders]
2307 2593 2477 2657 dixit
2505 2594 2838 2658 61111616-

550 2680 675 2746 erit
703 2679 912 2743 dicere
941 2675 1114 2761 quod
1142 2675 1373 2739 habuit
1399 2676 1490 2758 vij
1524 2696 1640 2760 pro
1668 2681 1850 2760 parte
1879 2677 2049 2742 sua.”

635 2766 910 2833 EST-M'.
999 2762 1385 2827 Ordinatum
1415 2769 1516 2826 est
1558 2783 1641 2828 ex
1670 2764 1998 2828 communi
2040 2783 2308 2830 assensu
2334 2766 2510 2849 quod
2552 2765 2841 2850 quilibet

550 2875 771 2919 eorum
799 2857 1020 2917 teneat
1046 2855 1285 2914 terram
1314 2868 1499 2913 suam
1530 2849 1601 2912 in
1631 2848 1887 2914 cultura
1913 2850 2008 2915 ita
2036 2852 2211 2934 quod
2239 2852 2516 2935 quilibet
2549 2854 2840 2918 seminat

548 2947 785 3007 terram
835 2958 1020 3004 suam
1064 2941 1256 3021 prout
1304 2934 1518 3019 campi
1562 2936 1785 3019 jacent
1841 2943 1908 3001 61
1956 2939 2206 3003 warect'
2256 2939 2328 3001 in
2378 2940 2586 3023 camp’
2640 2946 2839 3024 prout

549 3028 818 3111 antique
846 3024 1156 3091 solebant.

637 3111 1245 3179 NEUTON-KE‘HON.
1335 3107 1664 3173 Walterus
1712 3108 2011 3194 Biscopp,
2062 3111 2375 3176 Ricardus
2427 3111 2495 3175 Ν
2495 3119 2715 3190 66166,
2764 3119 2838 3179 et

548 3200 874 3265 Walterus
897 3196 1215 3272 Mustard‚
1237 3195 1377 3279 jur’.
1400 3233 1488 3244 —
1510 3195 1672 3260 Dies
1701 3194 1892 3259 datus
1922 3202 2021 3261 est
2043 3197 2373 3263 Willelmo
2395 3198 2532 3263 filio
2550 3200 2837 3266 Walteri

551 3285 875 3369 Bischopp
920 3282 1004 3347 ad
1047 3282 1164 3346 fac’
1208 3281 1416 3366 legem
1451 3300 1637 3346 suam
1682 3281 1762 3345 de
1806 3302 1881 3347 66
1927 3284 2102 3366 quod
2145 3284 2250 3368 pd.
2280 3285 2656 3350 Willelmus
2701 3308 2834 3351 non

548 3371 866 3456 percussit
894 3387 1099 3433 unum
1121 3369 1494 3451 jumentum
1522 3370 1570 3433 J
1573 3368 1848 3433 ohannis
1881 3370 2179 3436 Mustard
2209 3371 2290 3436 ad
2313 3373 2491 3456 prox'
2516 3374 2650 3437 cur’
2680 3394 2834 3439 cum

549 3459 614 3543 vj
648 3476 861 3522 manu.
950 3453 1123 3537 Pleg.
1156 3454 1235 3519 de
1262 3454 1422 3538 lege,
1452 3454 1713 3519 Ricardi
1740 3455 1822 3520 de
1850 3455 2132 3522 Neuton.

642 3632 825 3697 1374.
859 3626 1195 3712 I.-Apud
1228 3626 1460 3704 Heb'n‚
1489 3627 1595 3692 die
1625 3628 1825 3692 Lunae
1852 3647 2030 3712 prox.
2060 3637 2210 3715 post
2240 3631 2380 3696 fest.
2413 3632 2473 3697 S.
2506 3633 2555 3697 J
2556 3631 2833 3698 ohannis

549 3719 862 3805 Baptistae
891 3736 1103 3782 coram
1130 3715 1178 3779 J
1180 3714 1433 3778 ohanne
1463 3714 1545 3780 de
1575 3716 1947 3800 Beryngton
1978 3723 2123 3782 terr.
2155 3717 2437 3803 Hugone
2468 3718 2548 3783 de
2568 3720 2832 3804 Hawyk

547 3809 719 3872 burs.
749 3805 996 3870 Thoma
1025 3804 1294 3886 Surtays
1324 3808 1391 3865 61
1417 3799 1499 3864 61.

634 3895 1114 3957 PrrrYNG‘rONS.
1203 3889 1587 3971 Injunctum
1616 3892 1716 3952 est
1744 3889 2044 3953 omnibus
2067 3892 2440 3956 tenentibus
2461 3892 2639 3956 villae
2656 3893 2831 3977 quod

549 3979 769 4042 nullus
820 3998 1041 4042 eorum
1091 3982 1311 4041 emant
1364 3974 1503 4059 [sic]
1550 3974 1887 4039 cervisiam
1939 3975 2096 4041 alibi
2147 3978 2277 4042 nisi
2319 3978 2402 4043 ad
2442 3979 2703 4043 Matild'
2749 3980 2829 4044 de

550 4063 849 4129 Howden
880 4063 1038 4127 dum
1066 4062 1263 4126 habet
1290 4061 1629 4126 cervisiam
1659 4061 2104 4128 sufficientem.

635 4150 907 4214 EST-M’.
998 4148 1380 4230 Injunctum
1428 4154 1529 4213 est
1563 4148 1710 4231 jur',
1753 4149 1837 4213 ad
1880 4149 2247 4234 inquirend'
2291 4155 2362 4215 et
2401 4153 2831 4235 praesentand’

545 4238 603 4304 si
650 4239 879 4303 Petrus
922 4234 1167 4299 Milner
1208 4233 1526 4299 firmarius
1569 4234 1848 4300 molend’
1877 4236 2052 4320 cepit
2080 4236 2162 4301 de
2205 4237 2483 4303 Roberto
2513 4239 2597 4304 (16
2640 4240 2829 4325 May-

545 4323 804 4391 nesford
831 4320 1108 4386 firmatio
1151 4321 1422 4385 manerii
1451 4321 1533 4386 de
1577 4322 1820 4387 Est-M'
1849 4328 1917 4388 et
1959 4323 2220 4388 famulis
2250 4325 2385 4389 suis
2428 4325 2621 4392 aliter
2662 4328 2828 4392 mul·

543 4418 757 4476 turam
802 4429 997 4493 quam
1043 4426 1266 4491 capere
1302 4406 1564 4471 deberet
1607 4406 1688 4472 de
1728 4409 1875 4490 jure
1914 4415 1980 4474 et
2024 4416 2249 4474 contra
2291 4415 2847 4481 consuetudinem.

547 4498 872 4573 usitatam,
901 4501 968 4559 et
996 4493 1053 4558 si
1081 4497 1201 4557 etc.
1231 4497 1299 4556 et
1326 4491 1409 4555 ad
1438 4512 1584 4574 quae
1615 4492 1910 4576 dampna.
