3042 5034
175 462 335 522 1345.
681 473 992 522 1111110131
1022 470 1383 521 Pmoun-us
1414 473 1889 524 Dunnmssnffls.
2341 466 2420 527 17

164 629 435 695 reddidit.
528 632 623 694 Et
672 637 933 695 vestuta
984 629 1173 693 dictae
1232 636 1417 692 terrae
1469 680 1483 693 .
1533 682 1544 692 .
1594 681 1606 693 .
1659 633 2002 714 praeposito
2061 640 2127 697 et
2176 635 2301 717 jur.
2357 642 2423 698 et

161 716 425 781 -Johanni
454 719 776 782 servienti
807 718 886 781 de
917 717 1165 781 Ketton
1197 736 1532 799 quousque
1563 724 1679 779 sat.
1713 718 2012 783 Domino,

236 803 682 868 BLLLINGHAM.
768 804 985 867 Alicia
1012 803 1146 867 filia
1174 803 1219 867 J
1223 803 1494 865 ohannis
1521 803 1810 886 Gervays
1840 806 2012 888 cepit
2033 808 2060 888 j
2095 808 2418 889 cotagium

159 889 313 969 quod
340 891 559 955 dictus
592 891 641 954 J
643 891 926 954 ohannes
961 894 1144 971 pater
1186 909 1342 952 suus
1371 890 1552 972 prius
1596 891 1840 954 tenuit:
1887 891 2193 957 habend.:
2247 894 2418 959 redd.

158 994 208 1054 p.
245 996 294 1040 a
334 982 423 1041 3s.
473 983 543 1041 et
595 977 889 1040 Manerio
941 977 1023 1040 de
1068 975 1316 1039 Belasis
1361 997 1404 1037 v
1447 996 1640 1058 opera
1689 983 2022 1060 autumpn.
2069 979 2127 1041 si
2184 978 2420 1043 habeat

157 1060 372 1126 cibum.
479 1064 708 1127 G’sma
754 1064 899 1127 40d.
957 1062 1129 1145 Pleg.
1176 1062 1221 1126 J
1224 1061 1509 1125 ohannes
1572 1061 1880 1146 Gervays.
1907 1102 1994 1113 —
2016 1064 2233 1149 Agnes
2284 1066 2420 1129 filia

159 1146 453 1212 willelmi
518 1149 854 1212 Nouthird
919 1149 1089 1232 cepit
1134 1150 1159 1231 j
1223 1148 1544 1231 cotagium
1618 1167 1767 1211 cum
1839 1151 2176 1234 curtilagio
2243 1153 2416 1234 quod

155 1231 347 1298 dictus
376 1236 758 1300 Willelmus
787 1242 969 1317 pater
1011 1254 1167 1298 suus
1205 1235 1382 1317 prius
1413 1236 1662 1298 tenuit:
1707 1234 1977 1299 habend.
2004 1264 2016 1300 :
2062 1238 2232 1302 redd.
2265 1259 2324 1321 p.
2358 1260 2415 1304 a.

160 1319 246 1383 6d.
287 1328 350 1384 et
392 1322 695 1386 Manerio
739 1322 819 1386 de
863 1322 1008 1384 Bill'
1052 1342 1140 1384 xx
1185 1341 1377 1403 opera
1419 1327 1753 1403 autumpn.
1800 1323 1855 1386 si
1903 1322 2134 1388 habeat
2178 1325 2412 1390 cibum.

156 1404 353 1471 G’sma
384 1414 472 1471 23.
568 1408 746 1491 Pleg.
778 1409 839 1473 J.
873 1408 952 1472 de
998 1406 1274 1470 Stokton
1317 1412 1385 1470 et
1412 1406 1783 1470 Alexandro
1827 1409 1960 1473 filio
2006 1410 2300 1475 Gilberti.
2325 1448 2414 1460 --

159 1490 349 1556 Alicia
374 1515 542 1558 uxor
571 1496 621 1559 J
623 1494 897 1558 ohannis
928 1492 1382 1557 Molendinarii
1411 1494 1585 1576 cepit
1605 1495 1649 1576 ij
1677 1514 1852 1558 acras
1882 1502 2066 1559 terrae
2096 1497 2166 1560 in
2199 1497 2413 1560 Bond-

156 1576 281 1640 flatt
320 1601 478 1663 quas
525 1582 575 1645 J
575 1580 865 1644 ohannes
911 1581 1217 1664 Wydows
1260 1581 1442 1663 prius
1484 1581 1700 1643 tenuit
1742 1588 1809 1644 et
1837 1602 2090 1645 sursum
2133 1583 2416 1647 reddidit

157 1663 227 1725 ad
265 1685 419 1748 opus
464 1667 680 1750 ipsius
717 1667 984 1731 Aliciae:
1025 1666 1335 1730 habend.:
1381 1665 1553 1730 redd.
1584 1687 1644 1748 p.
1670 1687 1721 1729 a.
1758 1672 1844 1730 33.
1938 1668 2157 1732 G’sma
2204 1669 2301 1732 6d.
2326 1702 2415 1714 —

156 1749 406 1816 Thomas
458 1754 643 1817 filius
692 1755 736 1818 J
741 1752 1014 1817 ohannis
1069 1752 1527 1815 Molendinarii
1579 1752 1749 1835 cepit
1792 1754 1819 1834 j
1874 1755 2196 1836 cotagium
2240 1755 2414 1836 quod

155 1837 311 1915 prius
360 1841 601 1916 tenuit,
648 1840 818 1903 redd.
849 1861 909 1922 p.
944 1860 997 1902 a
1036 1843 1160 1903 7s.:
1207 1838 1516 1902 habend.:
1567 1838 1742 1902 redd.
1788 1859 1869 1902 ex
1915 1860 2089 1902 nunc
2141 1860 2200 1922 p.
2232 1860 2286 1903 3.
2323 1846 2412 1904 53.

157 1920 351 1987 G'sma
399 1927 604 1990 nulla.
629 1965 717 1975 —
738 1927 969 1989 Emma
996 1925 1131 1988 filia
1161 1926 1335 1988 Petri
1365 1926 1591 1989 Carter
1620 1926 1792 2008 cepit
1812 1925 1839 2007 j
1874 1926 2196 2008 cotagium
2239 1926 2408 2008 quod

153 2010 311 2088 prius
337 2013 590 2077 tenuit:
640 2012 813 2076 redd.
846 2032 904 2094 p.
930 2033 984 2076 a.
1021 2018 1107 2075 63.
1143 2011 1276 2075 sd.:
1313 2010 1623 2075 habend.:
1659 2011 1830 2074 redd.
1861 2018 2103 2076 extunc
2146 2032 2206 2095 p.
2231 2034 2282 2076 a.
2320 2020 2408 2076 53.

158 2093 353 2160 G’sma
392 2099 593 2163 nulla.
619 2132 709 2143 —
730 2098 1004 2162 Thomas
1049 2098 1221 2161 filius
1265 2097 1310 2161 J
1312 2097 1589 2161 ohannis
1633 2097 2092 2162 Molendinarii
2134 2104 2316 2163 tenet
2359 2100 2404 2182 ij

154 2198 310 2245 acras
351 2191 539 2249 terrae
584 2186 659 2248 in
702 2185 1068 2248 Bondflatt:
1111 2184 1281 2248 redd.
1315 2204 1376 2266 p.
1411 2204 1465 2247 3.
1500 2188 1608 2260 33.,
1643 2190 1711 2247 et
1753 2185 2079 2249 'serrarius
2123 2186 2304 2249 dedit
2350 2187 2411 2250 ei

152 2264 464 2334 licenciam
508 2271 889 2335 dimittendi
926 2271 1071 2335 illas
1102 2271 1145 2354 ij
1182 2290 1359 2334 acras
1392 2275 1578 2334 terrae
1620 2271 1665 2335 J
1669 2270 1910 2334 ohanni
1952 2272 2121 2355 patri
2164 2293 2281 2336 3110
2326 2272 2408 2335 ad

153 2355 479 2420 terminum
508 2359 584 2441 iij
635 2378 967 2421 annorum.
991 2392 1078 2401 —
1101 2357 1494 2439 Praepositus
1539 2362 1606 2419 et
1642 2358 1960 2439 juratores
2005 2379 2408 2442 conquerun-

154 2444 248 2501 tur
284 2448 349 2505 et
375 2450 775 2526 praesentant
818 2444 990 2527 quod
1033 2443 1298 2527 quidam
1342 2443 1688 2527 subscripti
1731 2464 1863 2508 nou
1905 2450 2130 2508 tenent
2172 2453 2406 2508 terram

154 2527 375 2592 ratione
405 2533 596 2614 quus
627 2530 935 2594 deberent
969 2530 1400 2594 communiare
1427 2530 1499 2592 in
1530 2537 1805 2613 pastura,
1837 2536 1903 2594 et
1931 2536 2151 2595 tamen
2181 2531 2406 2614 depas-

157 2621 296 2676 cunt
322 2623 656 2697 pasturam
685 2616 860 2680 villae
888 2636 1004 2700 per
1037 2617 1253 2680 averia
1281 2635 1398 2680 sua
1426 2615 1509 2678 ad
1539 2616 2102 2681 deterioracionem
2145 2616 2405 2680 illorum

158 2698 256 2778 qui
281 2708 510 2766 terram
539 2709 771 2767 tenent
800 2704 918 2766 viz.
951 2709 1065 2766 etc.
1103 2702 1283 2786 [nine
1323 2702 1589 2785 names}
1680 2702 1836 2766 Ideo
1880 2709 2273 2786 praeceptum
2304 2708 2406 2766 est

155 2782 235 2846 eis
261 2788 425 2868 quod
464 2794 815 2853 amoveant
857 2789 1159 2853 animalia
1202 2809 1319 2852 sua
1360 2789 1442 2853 de
1486 2796 1749 2871 pastura
1791 2789 1886 2850 ita
1913 2790 2086 2871 quod
2117 2808 2199 2852 ex
2228 2808 2404 2852 nunc

158 2887 271 2933 non
297 2875 385 2937 sic
414 2881 882 2959 super-onerent
909 2882 1237 2958 pasturam
1268 2876 1389 2939 sub
1420 2895 1610 2958 poena
1641 2874 1724 2937 di.
1756 2894 2000 2937 marcae.

229 2957 645 3026 WOLUISTON.
737 2961 1253 3045 (Memorandum
1308 2962 1481 3044 quod
1525 2962 1596 3023 in
1643 2959 1848 3043 primo
1900 2966 2089 3022 turno
2135 2958 2402 3022 Halmo-

156 3045 346 3108 torum
373 3068 542 3112 anno
574 3055 693 3112 etc.
719 3048 960 3112 xxwi.
1035 3048 1424 3111 Wuluiston.
1501 3047 1695 3129 Hugo
1727 3045 2001 3109 Bakster
2022 3046 2194 3127 cepit
2222 3045 2314 3128 xij
2347 3067 2400 3109 a.

156 3132 317 3194 terrae
333 3134 468 3199 sine
490 3136 660 3198 tofto
683 3154 827 3218 quae
846 3134 984 3219 [sic]
1003 3134 1156 3198 Tho.
1181 3133 1551 3198 Gretheued
1570 3132 1750 3216 prius
1770 3132 1983 3196 tenuit
2005 3156 2017 3194 :
2046 3131 2317 3195 habend.
2337 3153 2396 3215 p.

157 3231 283 3278 ann.
315 3216 451 3306 [sic]
484 3227 617 3285 103.
647 3226 714 3284 et
742 3221 859 3285 fac.
891 3221 1018 3285 alia
1046 3221 1315 3285 servicia
1343 3220 1561 3283 debita
1589 3226 1657 3283 et
1685 3224 2005 3295 consueta,
2032 3219 2235 3302 g'sma
2271 3224 2398 3283 103.

158 3298 231 3363 Et
256 3302 455 3371 dictus
487 3307 687 3391 Hugo
717 3307 876 3371 dicit
920 3307 1093 3390 quod
1123 3328 1254 3371 non
1282 3306 1566 3371 reddidit
1595 3327 1653 3389 p.
1686 3327 1739 3369 a
1772 3306 1901 3368 nisi
1932 3312 2018 3370 83.
2045 3326 2083 3369 3
2112 3313 2398 3389 tempore

155 3384 324 3453 dictae
351 3394 674 3476 capcionis
703 3413 907 3476 usque
944 3393 1088 3457 huc.
1113 3395 1251 3476 jam
1283 3414 1396 3476 per
1424 3393 1488 3475 xj
1522 3413 1740 3457 annos.
1829 3393 1915 3456 Et
1944 3393 2037 3456 sic
2082 3392 2400 3475 decipitur

158 3469 319 3538 Prior
356 3479 424 3543 in
467 3481 591 3544 hac
636 3488 817 3563 parte
847 3480 926 3543 de
975 3486 1059 3544 2s.
1092 3501 1151 3561 p.
1184 3501 1256 3556 3.,
1287 3480 1460 3543 unde
1504 3500 1757 3543 summa
1804 3486 1933 3543 223.
2023 3479 2181 3543 Ideo
2224 3499 2399 3542 scru-

156 3563 351 3625 tentur
375 3567 575 3630 rotuli
608 3566 823 3630 Halm’
854 3573 921 3630 et
948 3566 1223 3631 tentalia
1252 3567 1345 3630 all
1374 3566 1627 3650 erased.)
1721 3563 1882 3652 [The
1912 3566 2066 3630 rolls
2096 3565 2196 3628 for
2231 3570 2395 3628 1335

161 3662 252 3709 are
278 3656 384 3713 not
404 3651 735 3736 existing]

232 3732 654 3803 WALLESEND.
744 3740 1143 3822 Praeceptum
1193 3746 1294 3803 est
1343 3738 1642 3802 omnibus
1694 3737 1868 3801 villae
1919 3737 2088 3820 quod
2143 3743 2401 3800 servent

159 3814 361 3912 frithes
387 3824 456 3887 in
484 3826 657 3890 blad'
702 3826 902 3908 pratis
932 3826 1173 3908 pastur’
1202 3833 1269 3890 et
1312 3825 1577 3901 semitiS,
1606 3829 1672 3889 et
1700 3824 1873 3907 quod
1917 3823 2138 3887 nullus
2181 3842 2401 3887 eorum

162 3910 236 3999 sit
260 3913 602 3976 contrarius
632 3918 745 3975 aut
773 3912 1028 3976 rebellis
1058 3912 1290 3976 vicinis
1321 3912 1473 3987 suis,
1504 3919 1571 3975 et
1600 3930 1682 3974 ne
1727 3910 1875 3994 quis
1921 3930 2140 3974 eorum
2168 3909 2401 3992 impla-

162 3997 359 4057 eltaret
386 4017 459 4061 ac
503 4049 516 4062 .
565 4051 578 4063 .
626 4049 639 4063 .
685 3998 843 4062 alibi
872 4019 1069 4081 quam
1110 3998 1182 4060 in
1226 3998 1403 4062 curia
1446 3997 1700 4061 PrioriS.
1788 3996 1876 4059 Et
1904 3997 1962 4060 si
1991 3996 2138 4080 quis
2169 3996 2250 4060 de
2279 3996 2402 4061 hoc

164 4080 461 4148 convictus
489 4084 687 4148 fuerit
714 4084 895 4148 dabit
923 4084 1204 4149 Domino
1235 4085 1438 4147 Priori
1472 4089 1601 4148 203.

236 4161 582 4235 HEWORTH.
673 4171 718 4235 J
720 4170 942 4235 uliana
983 4171 1121 4234 filia
1165 4170 1424 4235 Ricardi
1476 4169 1932 4233 Molendinarii
1978 4170 2151 4253 cepit
2195 4187 2400 4231 unum

166 4252 454 4333 eotagium
478 4264 545 4321 et
567 4258 656 4340 vij
691 4277 869 4321 acras
898 4263 1081 4321 terrae
1112 4278 1257 4340 quae
1280 4257 1419 4340 [sic]
1451 4256 1663 4320 dictus
1696 4256 2005 4320 Ricardus
2034 4261 2218 4338 pater
2245 4273 2402 4317 suus

165 4334 321 4412 prius
340 4344 547 4407 tenuit
567 4351 635 4408 et
652 4364 909 4408 sursum
927 4343 1208 4407 reddidit
1231 4344 1313 4407 ad
1335 4363 1498 4426 opus
1520 4343 1726 4425 ipsius
1748 4343 1793 4407 J
1797 4342 2031 4405 ulianae
2051 4366 2063 4404 :
2095 4339 2363 4435 habend.
2387 4362 2401 4401 t

168 4419 317 4487 redd.
348 4446 402 4509 p.
431 4450 482 4494 a.
529 4436 615 4495 53.
661 4430 761 4495 3d.
806 4431 927 4494 viz.
968 4450 1083 4514 pro
1128 4431 1376 4513 cotagio
1419 4436 1486 4495 et
1530 4436 1699 4492 terra
1745 4435 1831 4492 43.
1884 4427 1983 4491 6d.
2025 4433 2093 4490 et
2140 4444 2253 4507 pro
2299 4422 2397 4503 i1ij

1253 4533 1293 4579 Β
