3042 5034
225 495 252 552 l
265 494 409 557 383.
757 506 1076 556 HALMOTA
1105 507 1472 559 PRIORATUS
1501 508 1989 558 DUNELMENSIS.
2398 496 2426 554 l
2439 495 2476 555 8
2486 497 2515 555 l

214 664 462 748 absque
491 663 596 728 lio.
621 664 787 729 dom.
821 666 1080 743 Prior-ie,
1103 667 1273 731 burs.
1305 668 1412 731 vel
1442 687 1594 744 sen„
1623 667 1747 731 sub
1776 686 1987 751 poena,
2010 665 2321 749 emptoris
2352 686 2443 729 xx
2460 684 2511 730 s.

215 759 283 815 et
310 751 672 815 venditoris
692 752 841 835 jure
873 753 1014 836 [sic]
1045 754 1370 836 capeionis
1398 774 1548 818 suae.

305 839 583 903 Sum-s.
672 839 993 904 Katerina
1039 839 1146 906 del
1199 842 1407 924 Stayn
1450 862 1500 906 o.
1548 842 1574 924 j
1623 846 1751 904 ten.
1801 839 1883 905 de
1935 860 2102 903 novo
2145 839 2320 922 quod
2373 838 2509 903 Rio.

216 926 467 990 Barker
496 926 714 990 tenuit
757 927 838 990 de
883 927 1077 1011 praed.
1108 927 1445 1003 Katerina,
1476 935 1543 992 et
1587 926 1808 992 seisita
1844 926 1974 991 fuit
2008 926 2080 989 in
2109 946 2306 989 manu
2337 925 2506 990 dom.

213 1033 290 1076 eo
353 1012 531 1096 quod
590 1014 980 1090 tabernavit,
1032 1014 1174 1079 sine
1231 1014 1337 1079 lio.
1398 1014 1588 1081 dom..
1632 1014 1824 1097 praed.
1872 1014 2049 1092 Ri0.;
2106 1012 2379 1076 habend.
2425 1012 2508 1075 ad

214 1107 404 1164 term.
445 1100 604 1164 vitae
647 1120 822 1180 suae3
880 1101 1038 1165 redd
1082 1122 1143 1184 p.
1181 1122 1235 1166 a.
1274 1102 1364 1184 xij
1399 1101 1458 1165 d.
1490 1138 1519 1148 —
1552 1141 1578 1153 ·
1609 1110 1676 1164 et
1719 1100 1909 1184 praed.
1947 1099 2269 1164 Katerina
2314 1098 2510 1162 habet

211 1186 324 1250 lio.
370 1186 756 1250 taber-nandi
800 1187 1036 1251 Aliciae
1082 1188 1326 1253 Barker
1370 1188 1452 1252 ad
1498 1188 1904 1252 voluntatem
1947 1186 2139 1271 praed.
2176 1185 2507 1250 Katerinae

213 1273 497 1337 durante
526 1275 666 1337 vita
694 1294 825 1338 sua.
918 1275 1208 1339 Gres’ma
1237 1296 1327 1338 xx
1346 1296 1393 1340 s,

303 1360 759 1428 PITTYNGTON.
850 1361 1068 1425 Adam
1100 1361 1250 1426 Gen
1280 1383 1331 1426 o.
1363 1360 1641 1426 molend.
1672 1362 2043 1444 aquaticum
2090 1359 2172 1425 de
2212 1359 2511 1443 Pittyng·

211 1454 336 1511 ton
365 1484 394 1496 -
427 1483 453 1496 ·
484 1448 568 1512 ad
613 1455 794 1513 term.
826 1448 892 1531 vj
926 1469 1025 1513 an.
1057 1485 1086 1495 -
1118 1486 1143 1498 -
1174 1448 1346 1513 redd.
1395 1468 1511 1531 pro
1554 1449 1781 1531 primis
1816 1448 1893 1530 ’iij
1941 1468 2040 1511 an.
2073 1446 2366 1530 quolibet
2408 1466 2509 1509 an.

214 1533 308 1617 lvj
333 1555 381 1597 S.
407 1541 476 1598 et
499 1543 723 1617 postea
744 1535 1038 1618 quolibet
1067 1556 1241 1599 anno
1260 1535 1330 1598 lx
1349 1556 1399 1599 s.
1423 1572 1452 1581 -
1476 1572 1502 1585 -
1526 1542 1593 1599 et
1623 1534 1789 1598 dom.
1813 1535 1997 1598 Prior
2014 1535 2205 1617 praed.
2232 1532 2506 1597 molend.

212 1619 619 1686 sufficienter
645 1622 968 1706 reparabit
1011 1629 1079 1687 et
1107 1622 1501 1686 sustentabit
1530 1622 1776 1685 tociens
1805 1621 2113 1705 quociens
2141 1619 2511 1703 indiguerit.

209 1707 306 1772 Et
352 1708 411 1771 si
456 1708 791 1792 contingat
818 1709 994 1792 quod
1038 1709 1232 1793 praed.
1272 1708 1549 1773 molend.
1583 1708 2008 1772 deterioratur
2050 1708 2133 1770 ob
2162 1706 2510 1771 deffectum

211 1794 534 1858 eustodiae
578 1795 770 1879 praed.
807 1795 1044 1872 Adam,
1073 1796 1447 1860 emendabit
1486 1802 1554 1859 et
1597 1795 1923 1878 reparabit
1965 1793 2333 1875 sumptibus
2376 1793 2512 1855 suis

258 1902 334 1945 ro
381 1902 510 1945 ms.

208 1903 257 1966 P
306 1902 807 2033 {mansan-r.
898 1969 1057 2033 Rob.
1109 1969 1507 2045 water-man,
1553 1969 1601 2032 J
1602 1968 1702 2032 oh.
1764 1966 2149 2041 Porterson,·
2174 1964 2351 2028 will.
2376 1970 2381 1977 ’
2405 1964 2510 2029 del

211 2055 401 2131 Han,
454 2055 500 2120 J
502 2057 601 2121 oh.
649 2056 756 2122 del
810 2055 971 2120 Hall
1030 2055 1112 2120 de
1159 2055 1473 2138 Shenclyi
1522 2062 1837 2139 oeperunt
1884 2052 2287 2118 Ravensflatt
2314 2088 2342 2100 -
2372 2089 2401 2101 -
2430 2052 2511 2116 ad

210 2149 405 2207 term.
437 2142 506 2206 ix
538 2164 638 2208 an.
672 2182 698 2194 ·
730 2181 756 2193 ·
788 2142 964 2207 redd.
997 2142 1129 2221 ls.;
1157 2150 1223 2206 et
1267 2142 1458 2226 praed.
1481 2149 1594 2207 ter.
1628 2142 1947 2205 fimabuut
1978 2148 2044 2204 et
2064 2140 2136 2203 in
2165 2138 2515 2204 sufficienti

211 2229 482 2294 cultura
525 2230 863 2305 tenebunt,
894 2238 961 2294 et
1004 2231 1075 2293 in
1120 2231 1249 2293 fine
1294 2237 1477 2294 term.
1515 2229 1707 2313 praed.
1754 2229 1823 2292 in
1870 2227 2215 2292 sufficienti
2261 2226 2516 2291 cultura

214 2316 577 2392 dimittent,
613 2325 681 2382 et
725 2318 782 2381 si
827 2317 1163 2381 dimittent
1193 2316 1481 2400 aliquam
1510 2325 1764 2401 partem
1793 2315 2008 2392 alicui,
2038 2315 2178 2379 sine
2208 2314 2312 2378 lio.
2344 2313 2511 2378 dom.

215 2404 482 2479 prioris,
512 2404 686 2487 quod
717 2425 800 2468 ex
831 2411 991 2468 tuno
1020 2403 1295 2487 perdent
1317 2404 1427 2487 jus
1458 2424 1696 2468 eorum.

309 2491 509 2555 Curia
551 2498 735 2555 tenta
765 2492 941 2575 apud
971 2491 1216 2554 Dalton
1249 2491 1354 2555 die
1383 2490 1660 2555 Veneris
1689 2510 1867 2574 prox.
1899 2497 2051 2554 ante
2098 2489 2239 2553 fest.
2272 2490 2514 2552 Assen-

210 2578 426 2643 oionis
461 2577 736 2642 Domini
763 2594 889 2641 M).
930 2583 1116 2641 1384.

308 2664 698 2747 Injunotum
751 2671 853 2729 est
913 2685 1084 2728 omn.
1140 2672 1269 2731 ten.
1316 2663 1511 2742 villae,
1542 2664 1716 2747 quod
1768 2663 1991 2728 nullus
2035 2682 2257 2727 eorum
2307 2666 2514 2725 trans·

210 2751 519 2836 grediant
547 2751 739 2816 alteri
783 2753 853 2814 in
884 2751 1099 2815 verbis
1129 2751 1237 2815 vel
1282 2752 1472 2816 factis
1518 2772 1668 2815 oum
1713 2750 1961 2815 baculis
2006 2770 2081 2814 ao
2125 2748 2379 2832 sagittis
2409 2747 2516 2812 vel

211 2838 526 2914 cultellis,
556 2839 679 2903 sub
710 2858 905 2922 poena
940 2837 1010 2901 xl
1029 2859 1080 2904 s.
1114 2838 1402 2903 solvend.
1433 2845 1551 2902 ete.
1576 2860 1592 2917 ;
1620 2858 1739 2902 nec
1769 2837 1943 2920 quod
1972 2836 2193 2900 nullus
2235 2834 2517 2899 habeant

210 2927 292 2990 in
323 2925 604 3009 oeparali
632 2936 902 3009 pastura
931 2926 1063 2989 nisi
1084 2927 1111 3008 j
1145 2925 1391 2988 animal
1419 2945 1536 3009 pro
1558 2924 1623 3007 vj
1657 2946 1747 2989 ao.
1772 2933 1908 2999 ter„
1930 2930 2125 3006 prout
2145 2921 2510 2985 ordinatum

210 3018 320 3078 est
348 3032 430 3076 ex
467 3033 626 3076 eom.
659 3032 897 3077 assens.
929 3014 1222 3075 omnium
1253 3013 1633 3089 vicinorum,
1667 3012 1788 3075 sub
1833 3031 2026 3094 poena
2054 3009 2344 3093 qualibet
2372 3008 2514 3073 vioe

209 3101 281 3184 vj
308 3099 368 3164 d.
401 3098 689 3163 solvend.
721 3099 1326 3165 etc.—Ordinatum
1366 3106 1467 3163 est
1495 3119 1577 3163 ex
1607 3119 1766 3162 eom.
1800 3118 2003 3162 assen.
2034 3096 2209 3181 quod
2239 3095 2516 3179 quilibet

209 3206 442 3252 eorum
493 3193 762 3251 teneant
809 3186 1020 3262 freth„
1065 3192 1132 3249 et
1168 3186 1343 3270 quod
1390 3206 1521 3249 non
1574 3191 1823 3269 ponant
1872 3204 2071 3268 equos
2122 3203 2242 3247 nec
2295 3182 2514 3267 aliqua

209 3273 438 3339 averia
466 3293 603 3350 sua,
631 3273 705 3336 in
734 3273 922 3338 freth.
954 3272 1187 3357 positis
1216 3293 1331 3357 per
1359 3273 1626 3350 vicium,
1656 3273 1780 3339 sub
1824 3293 2016 3357 poena
2043 3272 2108 3354 vj
2133 3271 2191 3336 d.
2226 3269 2509 3335 solvend.

208 3367 338 3425 etc.

313 3539 498 3598 1384.
549 3533 897 3617 L—Apud
960 3570 992 3582 -
1059 3570 1088 3582 -
1154 3539 1311 3597 ante
1369 3534 1614 3598 festum
1674 3533 1900 3601 Nativ.
1957 3534 2020 3599 S.
2073 3535 2121 3598 J
2122 3533 2245 3610 oh„
2296 3555 2511 3599 eoram

210 3621 467 3685 Thoma
515 3620 801 3704 Corbrig,
829 3621 1021 3696 burs,
1049 3620 1296 3685 Thoma
1343 3621 1424 3685 de
1471 3620 1773 3697 Claxton,
1802 3642 1951 3698 sen„
1982 3628 2049 3685 et
2096 3621 2258 3686 aliis,
2354 3620 2513 3709 [1722

194 3709 358 3794 first
377 3709 633 3791 portion
662 3709 738 3791 qf
782 3708 910 3771 this
936 3708 1060 3771 roll
1087 3709 1146 3771 is
1174 3708 1397 3772 almost
1425 3708 1690 3790 illeyible
1702 3710 1887 3793 from
1916 3710 2119 3792 doeay.
2214 3709 2343 3774 The
2356 3712 2512 3793 first

207 3796 334 3860 m‘ll
360 3795 718 3859 memimwd
745 3795 804 3857 is
848 3794 1287 3879 Walleslwnd]

308 3883 668 3947 SUTHWYK.
754 3881 1086 3946 Walterus
1117 3881 1331 3946 Smith
1354 3903 1415 3947 V.
1444 3882 1518 3945 in
1546 3883 1725 3947 ouria
1752 3888 1820 3949 et
1843 3903 1892 3947 o.
1917 3883 1945 3966 j
1978 3882 2151 3947 bond
2182 3889 2249 3948 et
2269 3883 2513 3963 dimid„

212 3989 366 4053 quae
396 3968 524 4032 fuit
553 3968 626 4031 in
655 3975 890 4032 tenura
919 3968 1181 4032 Thomae
1212 3967 1295 4033 fil.
1327 3969 1546 4046 Alam,
1571 3978 1638 4035 et
1668 3991 1927 4035 sursum
1944 3970 2228 4035 reddidit
2250 3978 2513 4057 propter

211 4056 717 4141 impotenoiam3
777 4055 922 4121 hab.
991 4055 1074 4119 ad
1138 4064 1319 4120 term.
1383 4057 1538 4121 vitae
1601 4078 1751 4135 suae,
1801 4057 1975 4122 redd.
2035 4078 2153 4142 per
2209 4080 2310 4124 an.
2357 4059 2511 4136 xlv⁸,

209 4142 590 4227 incipiendo
631 4142 881 4207 solvere
929 4142 1012 4206 ad
1055 4142 1297 4206 festum
1344 4144 1528 4209 Pent.
1559 4143 1728 4211 A.D.
1754 4154 1871 4211 eto.
1903 4145 2128 4211 lxxxxr.
2205 4146 2510 4223 Gres’ma,

213 4230 363 4314 xiij·
390 4231 511 4313 iiij,
541 4229 946 4294 condonatur
974 4249 1183 4313 usque
1211 4238 1291 4295 ν’.

305 4318 581 4382 SHELES.
673 4316 1060 4399 Injunotum
1111 4325 1213 4382 est
1261 4319 1564 4385 omnibus
1621 4327 1750 4386 ten.
1811 4319 2005 4396 villae,
2052 4319 2227 4403 quod
2286 4319 2509 4384 nullus

211 4424 439 4471 eorum
484 4403 897 4487 inhospitent
939 4402 1223 4467 Alioiam
1267 4405 1521 4471 Mon-os
1565 4408 1738 4471 infra
1779 4406 2006 4470 villam
2050 4405 2131 4471 de
2176 4412 2407 4483 cetero,
2453 4405 2512 4468 si

213 4491 409 4577 praed.
434 4491 657 4557 Alioia
686 4490 900 4554 utitur
929 4509 1134 4554 mores
1166 4492 1469 4577 antiquos
1500 4494 1679 4579 [sic]:
1725 4501 1792 4558 et
1814 4513 2008 4577 super
2037 4491 2158 4557 hoo
2181 4492 2399 4557 Adam
2431 4491 2512 4556 de
