3042 5034
180 455 367 514 1345.
707 463 1023 511 HALMOTA
1051 462 1412 512 PRIORATUS
1441 463 1922 514 DUNELMENSIS.
2369 455 2395 513 l
2409 456 2445 513 5

171 629 293 688 010.
326 623 519 706 xxiij⁰
571 622 640 686 in
695 620 872 685 curia
914 640 1170 684 sursum
1219 621 1497 685 reddidit
1545 622 1883 706 praedictas
1927 621 1998 686 xl
2042 642 2219 687 aeras
2271 628 2336 687 et
2378 622 2450 687 in

174 709 401 773 eadem
430 709 612 773 ouria
643 707 723 772 de
752 728 918 771 novo
949 707 1121 790 cepit
1150 707 1297 771 illas
1327 708 1443 791 xlij
1469 729 1646 772 acras
1691 714 1757 773 et
1797 730 2003 773 unum
2046 710 2449 794 mesuagium

171 803 241 861 et
270 796 386 859 xix
417 815 598 860 acras
628 815 788 878 quas
818 794 1013 877 Hugo
1037 793 1337 858 Oolstane
1366 795 1545 878 prius
1567 796 1819 859 tenuit:
1862 796 2032 860 redd.
2064 817 2178 879 per
2204 817 2451 860 annum

174 888 315 947 408.
367 903 483 966 pro
536 881 774 965 quibus
824 880 1149 964 mesuagio
1200 881 1314 965 [et]
1366 882 1482 944 xix
1529 882 1693 946 acris
1745 882 1958 946 dictus
2010 882 2205 967 Hugo
2255 883 2452 947 solvit

171 969 519 1032 annuatim
554 974 687 1031 228.
718 967 856 1031 lod.
881 966 977 1030 ob.
1003 973 1067 1031 et
1089 987 1221 1030 non
1244 966 1355 1030 dat
1375 988 1721 1051 gressmam
1744 970 1898 1051 quia
1926 968 2187 1033 deberet
2208 969 2452 1035 solvere

169 1056 454 1140 primam
496 1055 751 1118 firmam
777 1053 861 1117 ad
890 1053 1073 1117 Pent.
1104 1074 1281 1137 prox.
1314 1054 1622 1118 futurum.
1712 1055 1896 1119 Idem
1932 1056 2003 1118 in
2031 1056 2230 1121 tercio
2259 1062 2451 1120 turno

171 1142 469 1206 Halmot.
557 1141 755 1204 Anno
784 1139 1052 1204 Domini
1080 1139 1426 1204 millesimo
1470 1150 1653 1205 cccmo
1680 1143 1918 1226 xxviij⁰
1946 1141 2119 1226 cepit
2139 1143 2167 1225 j
2200 1162 2453 1207 1110800-

171 1230 362 1312 gium
394 1228 489 1311 (et
517 1227 587 1310 iij
621 1247 799 1291 00108
828 1233 1012 1290 1011·εο
1054 1227 1419 1311 interlined)
1452 1227 1627 1311 quod
1655 1228 2026 1293 Willelmus
2072 1229 2267 1294 frater
2309 1230 2451 1312 ejus

173 1317 367 1399 prius
394 1315 647 1391 tenuit;
690 1313 860 1377 redd.
892 1333 1008 1396 per
1036 1334 1278 1377 annum
1330 1314 1470 1380 12d.
1503 1323 1774 1397 gressm⁸
1807 1322 1891 1379 28.
1918 1322 1986 1379 et
2012 1315 2176 1381 illud
2199 1336 2449 1380 mesua-

170 1403 361 1486 gium
388 1400 673 1465 vastavit
718 1406 787 1464 et
827 1400 1203 1463 meremium
1246 1402 1601 1483 asportavit
1643 1407 1709 1465 et
1752 1402 2094 1466 aedificavit
2136 1403 2205 1465 in
2249 1402 2451 1467 libero

170 1493 552 1552 tenemento
581 1506 698 1549 suo
727 1487 901 1569 apud
931 1485 1430 1551 Scotteshouses.
1506 1488 1692 1551 Idem
1723 1488 1793 1552 in
1821 1489 2030 1572 primo
2059 1494 2250 1552 turno
2280 1509 2451 1552 anno

171 1575 456 1640 Domini
505 1572 852 1637 millesimo
902 1579 1084 1637 ccc¹¹²⁰
1125 1574 1286 1636 xxix
1337 1575 1511 1657 cepit
1555 1574 1628 1637 ix
1678 1595 1854 1639 acras
1907 1596 2066 1658 (1008
2117 1576 2162 1640 J
2167 1575 2452 1639 ohannes

172 1662 381 1744 Hyne
411 1660 591 1744 prius
621 1659 836 1723 tenuit
862 1683 875 1722 :
924 1658 1097 1723 redd’
1129 1680 1243 1743 per
1272 1661 1511 1744 primos
1542 1666 1670 1725 tres
1702 1681 1904 1725 annos
1934 1681 2048 1745 pro
2078 1681 2223 1725 acra
2256 1661 2357 1726 6d.
2388 1667 2454 1725 et

172 1768 295 1832 per
340 1746 503 1811 alios
545 1753 676 1810 tres
721 1766 920 1809 annos
964 1752 1303 1829 sequentes
1346 1768 1462 1831 pro
1505 1767 1652 1811 acra
1698 1747 1817 1827 sd„
1848 1753 1916 1812 et
1957 1752 2107 1830 post
2143 1747 2292 1811 illos
2335 1766 2452 1811 sex

172 1854 387 1899 annos
417 1853 534 1917 pro
564 1852 709 1897 aera
746 1831 885 1895 12d.

261 1921 462 1984 Terra
489 1939 683 2002 (100111
715 1919 840 1983 sibi
869 1919 1206 2001 usurpavit
1234 1925 1300 1983 et
1327 1919 1539 1984 adhuc
1584 1927 1855 2003 occupat
1897 1919 2037 1984 sine
2081 1918 2453 1984 dimissione

171 2007 463 2089 alicujus
502 2004 766 2070 terrarii.
858 2005 1041 2069 Idem
1088 2012 1360 2088 occupat
1401 2007 1471 2090 iij
1520 2026 1696 2071 aeras
1728 2013 1909 2071 terrae
1956 2027 2104 2071 cum
2147 2006 2453 2090 praedicto

172 2093 512 2176 mesuagio
541 2091 682 2156 sine
712 2091 1085 2157 dimissione
1115 2092 1388 2175 alicujus
1416 2093 1666 2158 terrarii
1709 2114 1824 2177 pro
1868 2114 1996 2178 quo
2026 2094 2349 2178 mesuagio
2377 2094 2448 2177 iij

172 2181 350 2244 acris
392 2186 581 2244 terrae
609 2183 677 2242 et
706 2178 853 2242 01118
881 2178 951 2262 iij
984 2179 1146 2242 acris
1176 2179 1260 2243 di.
1292 2180 1365 2243 111
1390 2180 1455 2244 10
1491 2179 2054 2245 Munketonbroke
2083 2180 2453 2245 Willelmus

172 2268 383 2331 frater
431 2286 589 2329 suus
638 2264 921 2328 reddidit
969 2285 1083 2348 per
1140 2286 1382 2329 annum
1440 2271 1528 2330 38.
1579 2266 1676 2330 4d.
1768 2267 1952 2332 Idem
2002 2268 2340 2351 usurpavit
2390 2272 2458 2330 et

174 2357 463 2435 occupat
499 2352 569 2435 iij
604 2371 782 2416 acras
811 2352 881 2414 in
922 2351 985 2416 10
1029 2352 1203 2416 Brok
1232 2372 1393 2435 quas
1436 2352 1686 2436 Aydyn
1727 2353 1899 2418 filius
1933 2354 2178 2418 Sibillae
2205 2354 2457 2437 primus

172 2439 403 2504 tenuit
433 2445 501 2502 et
536 2445 669 2502 tres
707 2458 885 2502 acras
928 2459 1087 2522 quas
1130 2439 1456 2504 Walterus
1499 2439 1674 2505 filius
1718 2440 1979 2505 Roberti
2010 2441 2187 2524 prius
2218 2439 2450 2504 tenuit.

176 2527 379 2590 Idem
424 2524 762 2608 usurpavit
805 2530 870 2589 et
913 2532 1185 2609 occupat
1226 2547 1266 2591 0
1307 2532 1594 2610 tempore
1622 2527 1884 2591 Roberti
1929 2526 2010 2592 de
2053 2526 2456 2591 Middelham

174 2611 467 2677 bursarii
483 2611 623 2695 xiiij
657 2631 836 2675 acras
859 2617 1040 2676 terrae
1058 2632 1219 2695 quas
1236 2611 1453 2697 Agnes
1482 2612 1707 2678 relicta
1733 2613 2007 2679 Walteri
2037 2614 2215 2697 prius
2243 2613 2454 2677 tenuit

176 2703 256 2763 et
285 2717 545 2763 sursum
574 2697 856 2762 reddidit
888 2696 1029 2782 (pro
1057 2698 1293 2782 quibus
1322 2700 1684 2785 interlimd)
1719 2698 1915 2764 solvit
1943 2700 2025 2764 ad
2055 2698 2457 2769 voluntatem

184 2791 283 2849 88.
335 2804 483 2867 quae
539 2784 834 2848 solebant
882 2784 1144 2850 reddere
1194 2786 1265 2849 in
1314 2792 1603 2870 tempore
1655 2786 1844 2850 dictae
1889 2785 2161 2868 Agnetis
2219 2789 2305 2849 78.
2355 2783 2456 2851 6d.

180 2871 380 2935 Idem
411 2869 749 2954 usurpavit
783 2870 810 2954 j
857 2872 1078 2935 rodam
1119 2877 1305 2936 terrae
1343 2873 1390 2937 J
1391 2872 1664 2937 ohannis
1693 2871 1814 2935 filii
1841 2870 2115 2935 Walteri
2159 2875 2225 2934 et
2267 2868 2461 2935 aliam

182 2957 417 3021 rodam
459 2961 645 3021 terrae
670 2958 717 3022 J
720 2957 992 3022 ohannis
1031 2958 1151 3021 filii
1180 2959 1438 3023 Ricardi
1467 2980 1584 3042 per
1614 2958 1704 3041 xij
1738 2976 1940 3020 annos
1969 2976 2161 3039 super
2189 2955 2461 3039 Sharpe-

186 3051 396 3108 stane.
508 3043 694 3108 Idem
743 3044 1081 3128 usurpavit
1139 3045 1221 3109 di.
1275 3046 1446 3110 rodae
1502 3050 1688 3109 terrae
1746 3043 1906 3107 dicti
1962 3044 2007 3108 J
2011 3041 2283 3106 ohannis
2341 3041 2464 3105 filii

188 3129 460 3195 Ricardi
496 3130 817 3213 jacentem
848 3151 929 3195 ex
970 3136 1155 3215 parte
1182 3131 1423 3196 boreali
1451 3130 1706 3216 gardini
1735 3130 1780 3194 J
1782 3130 2054 3194 ohannis
2086 3129 2320 3194 Clerici
2348 3148 2466 3213 per

188 3236 409 3281 unum
436 3237 695 3280 annum.
785 3216 971 3282 Idem
1000 3219 1340 3302 usurpavit
1368 3218 1451 3283 di.
1482 3236 1643 3284 acrae
1685 3223 1871 3282 terrae
1906 3217 2227 3300 jacentem
2273 3236 2465 3300 super

186 3304 258 3368 le
289 3301 724 3387 Couenthugh
753 3323 869 3386 per
896 3304 1055 3388 xviij
1090 3326 1291 3369 annos
1321 3325 1464 3388 quae
1502 3305 1869 3388 antiquitus
1898 3304 2262 3387 pertinebat
2290 3304 2369 3367 ad
2402 3303 2464 3368 le

190 3388 620 3454 Couentland.
742 3389 926 3454 Idem
985 3392 1323 3475 usurpavit
1372 3412 1570 3455 unam
1627 3391 1850 3456 rodam
1907 3398 2091 3455 terrae
2141 3392 2466 3474 jacentem

190 3495 393 3560 super
456 3475 874 3560 Rougkakers
938 3497 1053 3560 per
1120 3479 1231 3562 xvj
1301 3498 1521 3542 annos.
1641 3477 1829 3542 Idem
1895 3482 2076 3542 tenet
2141 3477 2223 3541 de
2296 3484 2465 3540 terra

194 3562 433 3647 (Petri)
458 3563 660 3646 patris
683 3563 786 3626 sui
806 3583 887 3627 ex
916 3564 1185 3647 antiquo
1214 3565 1453 3628 toftum
1482 3572 1549 3629 et
1571 3564 1755 3647 xxiiij
1789 3584 1965 3628 acras
1986 3569 2172 3627 terrae
2201 3569 2267 3627 et
2287 3562 2461 3626 redd.

189 3670 257 3734 p.
288 3669 345 3712 a.
380 3653 467 3713 38.
501 3648 630 3731 (4(1.
661 3650 1022 3733 interlined)
1056 3657 1122 3715 et
1152 3651 1422 3715 servicia
1450 3650 1670 3715 debita
1697 3650 1811 3714 sed
1856 3651 2132 3714 croftum
2161 3649 2466 3712 abuttans

192 3755 395 3819 super
422 3735 761 3818 gardinum
783 3756 1006 3800 versus
1036 3758 1270 3820 aquam
1301 3738 1617 3821 pertinuit
1645 3737 1726 3800 ab
1755 3736 2024 3819 antiquo
2055 3734 2136 3799 ad
2165 3734 2470 3811 Pn‘orem,

192 3822 313 3886 sed
342 3840 519 3885 nunc
562 3829 663 3886 081
705 3821 1120 3906 incognitum.
1209 3823 1374 3887 Item
1423 3825 1584 3888 emit
1630 3822 1710 3887 de
1756 3823 1801 3887 J
1804 3822 2055 3886 ohanne
2100 3820 2346 3885 Clerico
2387 3820 2468 3886 de

193 3906 591 3973 Hethworth
620 3930 664 3971 x
695 3928 872 3973 acras
900 3908 981 3974 de
1021 3930 1187 3974 nova
1227 3910 1516 3974 frussura
1558 3910 1628 3973 in
1658 3929 1834 3973 mora
1864 3914 1930 3972 et
1956 3908 2168 3973 reddit
2196 3927 2257 3991 p.
2288 3928 2342 3972 a.
2378 3914 2467 3973 58.

193 4003 263 4061 01
292 3994 578 4059 010111101-
604 3993 777 4078 quod
799 3995 844 4059 J
847 3996 1130 4060 ohannes
1161 3997 1447 4061 Clericus
1469 3996 1684 4061 tenuit
1704 3996 1898 4060 istam
1926 4015 2041 4078 per
2068 3994 2469 4079 cirograffum

192 4090 263 4148 et
291 4082 441 4146 ideo
482 4081 863 4165 inquiratur.
952 4083 1121 4147 Item
1165 4088 1343 4147 tenet
1386 4103 1567 4146 xxxv
1602 4081 1949 4166 (quondam
1993 4081 2064 4145 xl
2107 4081 2468 4165 interlined)

190 4189 375 4235 acras
412 4167 492 4232 de
521 4175 691 4232 terra
731 4168 1057 4251 quondam
1101 4169 1332 4253 Rogeri
1366 4170 1734 4253 Fraunceys
1778 4175 1846 4234 et
1886 4169 2099 4233 reddit
2127 4189 2187 4251 p.
2220 4188 2272 4232 a.
2328 4167 2468 4232 12d.

189 4258 299 4322 De
351 4254 591 4340 quibus
635 4255 726 4337 vij
782 4275 942 4320 acrae
993 4255 1399 4339 assignantur
1443 4255 1751 4320 luminari
1804 4256 2055 4321 Sanctae
2107 4254 2333 4318 Mariae
2391 4253 2471 4317 de

186 4345 236 4409 J
237 4364 412 4408 arow
440 4362 560 4427 per
586 4341 967 4426 praedictum
1000 4343 1320 4424 Rogerum
1350 4349 1415 4406 et
1441 4348 1734 4407 tenentes
1757 4342 1836 4406 de
1861 4339 2253 4405 Hedeworth
2282 4346 2466 4402 tenu-

187 4436 381 4497 erunt
414 4431 625 4495 dictas
653 4429 744 4512 vij
778 4449 955 4494 00108
986 4434 1053 4494 01
1080 4428 1498 4493 reddiderunt
1518 4449 1634 4512 pro
1663 4449 1809 4493 acra
1844 4428 1983 4491 lod.
2015 4431 2080 4490 et
2108 4426 2246 4508 ipse
2269 4423 2471 4487 nichil
