3042 5034
174 486 209 544 l
226 485 388 545 365.
466 567 469 570 Ι
728 494 1049 545 namon
1077 495 1444 546 PRIORATUS
1471 494 1961 546 DUNELMENSIS.
2400 486 2480 547 47

165 673 389 737 super
413 652 741 718 serviente
769 651 1091 736 praedicto.
1118 652 1331 717 —De
1357 650 1575 717 Alano
1613 653 1933 719 serviente
1959 652 2044 719 de
2073 654 2325 719 Ketton
2365 675 2484 756 pro

166 760 330 805 uno
358 740 565 805 crofto
609 744 680 804 et
721 759 855 804 8118
896 759 1044 804 acra
1084 738 1193 803 del
1232 738 1330 803 les
1373 738 1516 823 leys
1559 759 1707 823 quae
1748 740 2067 805 Robertus
2096 742 2261 806 Wili
2301 742 2483 826 prius

164 827 447 891 tenuit.
495 825 779 890 habend'
829 830 901 890 et
950 826 1081 890 ten'
1126 825 1213 890 ad
1255 831 1437 890 term.
1489 826 1647 890 vitae
1695 845 1864 892 8888.
1922 827 2095 892 redd.
2149 828 2484 912 antiquam

166 911 448 976 firmam
477 918 547 977 et
584 911 881 978 faciendo
923 911 1209 976 Domino
1251 917 1319 977 et
1358 912 1599 977 vicinis
1627 932 1772 996 quae
1813 912 2219 980 incumbunt.
2307 915 2486 999 Pleg.

168 998 273 1063 de
303 1000 493 1063 firma
521 1003 589 1063 et
617 997 921 1064 omnibus
951 999 1098 1064 aliis
1130 1019 1275 1082 quae
1302 998 1710 1076 incumbunt,
1748 1001 1795 1066 J
1797 1000 2083 1065 ohannes
2128 1000 2484 1086 Schephird

172 1091 259 1150 et
288 1084 506 1149 Adam
535 1085 835 1169 Biscopp.
922 1086 1012 1149 Et
1040 1085 1153 1150 dat
1180 1104 1296 1168 pro
1324 1085 1593 1185 gres’ma
1627 1084 1770 1151 l2d.

282 1171 533 1237 Acm.
577 1171 968 1237 ordinatum
985 1177 1086 1236 est
1102 1192 1182 1237 ex
1200 1171 1531 1236 communi
1546 1191 1814 1236 assensu
1829 1172 2001 1256 quod
2025 1171 2247 1238 nullus
2264 1193 2485 1239 eorum

172 1259 539 1341 permittat
559 1257 877 1342 pullanus,
897 1258 1157 1335 vitulos,
1173 1257 1519 1323 sterkettos
1541 1278 1658 1323 seu
1679 1257 1899 1342 aliqua
1926 1259 2056 1323 8118
2083 1260 2297 1324 averia
2317 1260 2487 1326 infra

176 1364 506 1428 campum
560 1344 635 1408 in
683 1363 816 1428 quo
871 1344 1273 1409 frumentum
1329 1344 1684 1409 seminatur
1723 1365 2058 1429 quousque
2107 1346 2303 1412 blada
2348 1348 2486 1411 sint

178 1450 413 1495 messa
428 1436 497 1494 et
513 1437 856 1513 asportata,
877 1431 999 1495 sub
1015 1450 1211 1515 poena
1229 1429 1313 1496 di.
1335 1451 1583 1496 marcae
1642 1431 1729 1496 Et
1745 1432 2079 1496 sciendum
2102 1433 2277 1516 quod
2291 1453 2487 1517 poena

182 1516 829 1688 &ffifflfflfflffiff
849 1517 2110 1688 {amtffffibzzsszffffifflm
2072 1519 2212 1670 fflaeem
2229 1519 2488 1689 (ξέῗὲἓῗ

185 1710 345 1754 rum
374 1696 573 1773 prout
613 1690 983 1773 injunctum
1019 1690 1198 1754 fuit
1177 1711 1249 1754 18
1277 1690 1530 1755 ultimis
1558 1690 1886 1755 Halmotis
1917 1691 2084 1774 [vide
2123 1695 2309 1768 1365,
2340 1691 2487 1775 ΙΙ.,]

194 1782 292 1841 28.
314 1814 410 1825 -
430 1777 536 1840 1)8
565 1777 858 1841 Β88111188
887 1796 1034 1861 (1888
1068 1776 1198 1841 fuit
1224 1797 1388 1840 uxor
1415 1776 1580 1840 Adae
1607 1777 1890 1841 Diotson
1918 1797 2034 1859 pro
2063 1796 2196 1840 uno
2223 1777 2389 1841 tofto
2418 1784 2488 1842 et

191 1862 292 1946 xij
326 1862 499 1927 acris
526 1867 714 1927 terrae
733 1883 882 1947 (1888
909 1863 1176 1928 fuerunt
1202 1862 1498 1947 praedicti
1519 1862 1680 1927 Adae
1702 1863 2031 1947 quondam
2050 1863 2178 1927 viri
2206 1864 2312 1927 sui
2339 1883 2484 1964 quae

191 1949 459 2013 faciunt
484 1948 903 2014 medietatem
945 1949 1142 2014 unius
1183 1948 1522 2033 bondagii:
1563 1948 1837 2014 habend’
1866 1956 1933 2014 et
1974 1949 2103 2014 ten’
2131 1956 2209 2014 ut
2236 1950 2319 2014 de
2338 1970 2486 2033 Jure

193 2035 425 2099 viduae
452 2036 538 2100 ad
573 2043 755 2100 term.
783 2036 939 2101 vitae
966 2056 1137 2100 suae:
1178 2035 1350 2100 redd.
1395 2057 1458 2120 p.
1488 2056 1542 2100 a.
1580 2041 1711 2100 128.
1800 2035 1889 2100 Et
1929 2035 2199 2120 incipiet
2239 2036 2486 2102 solvere

195 2141 378 2186 anno
407 2127 526 2186 etc.
555 2121 798 2206 lxvijmo
795 2172 813 2199 ‚
842 2128 910 2187 et
935 2122 1150 2187 medio
1177 2126 1464 2206 tempore
1492 2122 1718 2187 reddet
1757 2122 1967 2200 blada,
2010 2123 2238 2202 silicet,
2275 2144 2485 2188 unum

195 2209 609 2291 quarterium
663 2209 977 2274 frumenti
1027 2215 1094 2273 et
1135 2208 1163 2292 j
1214 2208 1611 2293 quarterium
1660 2208 1837 2273 ordei
1886 2209 2241 2287 annuatim,
2291 2215 2486 2294 prout

192 2294 555 2379 praedictus
583 2295 799 2359 Adam
825 2295 1007 2379 prius
1034 2294 1318 2360 reddidit
1348 2295 1626 2359 Ricardo
1670 2295 1751 2360 de
1789 2295 2102 2361 Heworth
2145 2317 2353 2380 nuper
2378 2297 2485 2360 fir-

196 2381 428 2445 188110.
518 2381 640 2465 [At
667 2381 781 2445 the
809 2401 986 2446 same
1014 2387 1199 2446 court
1226 2386 1638 2465 twenty-two
1680 2402 1962 2465 persons,
1991 2382 2331 2467 including
2367 2382 2484 2447 the

193 2467 403 2544 vicar,
444 2487 612 2532 were
638 2466 815 2532 fined
852 2468 952 2533 for
994 2467 1411 2552 depe-sturing
1453 2467 1624 2533 their
1673 2468 1868 2534 cattle
1910 2469 1983 2533 in
2025 2468 2136 2534 the
2180 2475 2320 2534 oats
2365 2475 2398 2504 “
2417 2470 2490 2533 of

193 2553 492 2618 Richard
549 2554 631 2619 de
686 2554 1021 2631 Heworth‚
1062 2554 1194 2619 late
1251 2554 1502 2632 famer,
1559 2560 1629 2619 at
1673 2553 1787 2620 the
1837 2555 2293 2640 Northcroft.”]
2397 2556 2486 2620 Et

193 2640 323 2705 fac'
350 2639 642 2705 Domino
685 2646 753 2706 et
793 2639 1027 2706 vicinis
1070 2660 1217 2725 quae
1258 2639 1662 2706 incumbunt.
1768 2641 1941 2725 Pleg.
1977 2641 2152 2726 [818]
2240 2643 2330 2706 Et
2371 2641 2486 2706 dat

194 2747 320 2810 pro
348 2727 621 2810 gres’ma
654 2726 798 2792 l2d.

290 2813 605 2878 BURDON.
693 2812 911 2878 Alicia
952 2818 1021 2878 et
1060 2812 1229 2897 Agn’
1272 2811 1543 2878 heredes
1586 2812 1820 2896 Rogeri
1867 2812 2166 2877 Anotson
2229 2811 2296 2895 [a
2351 2812 2485 2879 free

197 2905 458 2977 tenant,
514 2900 657 2964 vide
713 2900 1114 2978 stanam-tuan,
1171 2920 1232 2983 p.
1297 2899 1409 2984 45]
1469 2899 1765 2964 fecerunt
1822 2897 2201 2963 fidelitatem
2251 2898 2359 2962 hic
2415 2899 2488 2962 in

196 2986 521 3138 &kamet
569 2985 817 3051 habent
861 2986 1035 3051 diem
1086 2985 1169 3050 ad
1219 2985 1490 3050 faciend’
1536 2983 1983 3050 credulitatem
2032 2983 2105 3047 in
2155 2983 2378 3068 vigilia‘
2270 2984 2283 2996 '
2319 2982 2333 2996 ⁶
2419 2984 2482 3049 S.

290 3159 530 3223 Wns‘r-
531 3159 975 3224 MERYNGTON.
1061 3159 1166 3223 De
1194 3157 1440 3222 Thema
1482 3155 1864 3222 Marmedok
1907 3176 2024 3240 pro
2066 3176 2197 3221 880
2224 3155 2390 3221 tofto
2418 3163 2485 3222 et

196 3244 297 3329 xij
350 3245 517 3310 acris
568 3253 753 3310 181188
797 3265 945 3329 (1888
986 3245 1252 3310 fuerunt
1300 3245 1347 3310 J
1349 3243 1623 3309 ohanms
1673 3244 1968 3309 Makand
2024 3264 2171 3327 (1888
2226 3264 2483 3310 8818818

196 3331 493 3396 reddidit
542 3332 626 3396 ad
671 3352 834 3415 0988
883 3332 1126 3417 ipsius:
1170 3331 1443 3395 habend'
1488 3338 1558 3395 et
1597 3332 1729 3395 ten’
1760 3331 1843 3396 ad
1893 3336 2074 3397 term.
2117 3330 2271 3396 vitae
2314 3351 2482 3397 suae:

197 3417 381 3483 redd.
401 3418 740 3503 antiquam
760 3419 1014 3483 firmam
1035 3425 1103 3483 et
1123 3417 1395 3483 servicia
1417 3416 1611 3518 [etc.]3
1671 3418 1760 3482 Et
1776 3418 1889 3483 dat
1914 3438 2030 3502 pro
2056 3438 2199 3502 gres
2200 3418 2326 3483 ’188
2358 3425 2482 3483 2s.:

198 3504 607 3569 condonatur
646 3525 763 3588 per
810 3504 1153 3570 terrarium
1201 3504 1286 3568 ad
1333 3505 1807 3587 reparacionem
1850 3505 1994 3570 ten’.
2083 3505 2171 3569 Et
2212 3505 2483 3588 incipiet

199 3590 456 3656 solvere
506 3591 590 3655 ad
638 3591 879 3656 festum
928 3591 1112 3656 Pent.
1173 3610 1345 3655 anno
1396 3596 1517 3657 818.
1569 3590 1759 3676 lva‘to
1805 3597 1873 3656 et
1922 3590 2259 3656 sciendum
2308 3590 2484 3673 quod

200 3677 494 3761 dampna
542 3677 764 3742 aedific'
808 3678 1263 3762 adjudicantur
1305 3678 1389 3742 ad
1434 3683 1526 3742 5s.
1572 3677 1653 3743 de
1695 3677 1932 3762 quibus
1984 3676 2158 3741 idem
2203 3675 2480 3740 Thomas

206 3768 474 3847 reputat
500 3784 572 3831 se
596 3769 919 3848 pacatum.

294 3851 498 3916 FERY.
586 3850 975 3917 ordinatum
1016 3856 1117 3915 est
1159 3870 1241 3915 ex
1284 3850 1612 3915 communi
1654 3868 1921 3914 assensu
1949 3848 2124 3932 quod
2167 3845 2484 3914 Robertus

202 3936 393 4004 Todd
442 3936 767 4002 custodiat
816 3937 1113 4002 bidentes
1159 3956 1308 4001 suos
1359 3957 1441 4002 88
1491 3937 1841 4021 depascant
1887 3934 2080 4000 blada
2123 3934 2484 4001 vicinorum

202 4044 473 4091 suorum
514 4043 637 4089 nec
678 4028 1011 4109 pasturam
1054 4024 1296 4087 bovum
1338 4023 1461 4087 sub
1489 4043 1683 4107 poena
1715 4021 1858 4087 4od.
1946 4023 2035 4087 Et
2077 4020 2282 4088 eciam
2310 4024 2484 4108 quod

204 4110 490 4198 quilibet
533 4112 664 4175 ten'
694 4110 1020 4176 custodiat
1052 4130 1296 4194 porcos,
1325 4109 1542 4185 boves,
1585 4129 1786 4194 equos
1830 4113 1897 4174 et
1939 4108 2068 4174 8118
2109 4109 2324 4175 averia
2367 4131 2485 4175 sua

202 4220 289 4265 ne
317 4196 674 4281 depascant
701 4196 894 4261 blada
933 4196 1042 4262 vel
1085 4216 1163 4261 ea
1203 4195 1597 4273 eonculsent,
1626 4203 1695 4262 et
1721 4196 1896 4281 quod
1940 4195 2184 4262 Cotarii
2221 4202 2487 4262 teneant

201 4284 424 4351 averia
466 4303 588 4349 sua
628 4282 800 4348 infra
840 4302 1249 4348 communem
1290 4288 1624 4367 pasturam
1664 4284 1788 4348 sub
1817 4302 2011 4367 90888
2032 4282 2372 4383 praedicta.
2397 4320 2485 4331 —-

201 4373 307 4437 De
352 4370 640 4436 Roberto
683 4369 765 4434 de
807 4369 1201 4455 Meryngton
1242 4390 1359 4454 pro
1401 4389 1533 4434 uno
1577 4371 1825 4455 cotagio
1862 4375 1930 4434 et
1957 4369 2046 4453 vij
2094 4369 2257 4434 acris
2300 4376 2486 4434 181188

202 4465 269 4526 81
299 4458 385 4525 di.
417 4477 569 4541 quae
596 4456 863 4521 fuerunt
905 4457 978 4520 18
1019 4462 1249 4522 tenura
1291 4457 1338 4522 J
1339 4455 1614 4521 ohannis
1657 4457 1738 4522 de
1781 4454 2072 4537 Τ101109.
2113 4453 2386 4518 habend’
2418 4458 2486 4517 et
