3042 5034
561 501 641 559 28
1064 511 1381 559 HALMorA
1411 510 1776 559 PRIORATUS
1806 509 2287 559 DUNELMENSIS.
2647 499 2772 559 136
2784 501 2853 560 4.

553 689 732 753 prox,
793 668 1121 733 deffectus.
1175 705 1205 714 —
1250 707 1276 718 -
1324 667 1491 752 [Oct.
1562 673 1638 731 18
1700 689 1785 732 011
1843 668 2080 751 Friday
2131 692 2194 719 =
2248 670 2301 732 F
2353 695 2414 722 =
2475 673 2643 731 1364
2703 668 2852 732 and

636 842 1055 905 WYUES'row.
1148 841 1251 925 Inj
1259 846 1529 904 unctum
1546 846 1645 906 est
1666 841 1967 904 omnibus
1989 841 2363 905 tenentibus
2380 839 2560 903 villae
2583 860 2667 904 ne
2685 840 2849 922 quis

556 948 777 993 eorum
807 927 1094 992 succidet
1122 928 1228 991 vel
1259 933 1461 991 metet
1490 927 1756 990 herbam
1799 947 1946 1010 quae
1974 933 2242 991 vocatur
2288 929 2475 1001 Bent,
2505 928 2651 990 sine
2691 947 2852 1009 spe-

557 1015 707 1079 ciali
752 1014 1056 1078 mandato
1101 1014 1339 1077 Prioris
1377 1013 1485 1077 vel
1529 1013 1796 1077 terrarii.
1829 1050 1855 1061 -
1887 1050 1911 1061 -
1960 1012 2050 1096 [A
2095 1014 2346 1077 similar
2387 1013 2575 1077 order
2613 1032 2850 1076 occurs

554 1102 761 1165 under
811 1099 1108 1184 Shielda]
1222 1099 1576 1164 Odonellus
1626 1099 1975 1183 Tayllyour
2002 1136 2029 1147 -
2058 1135 2086 1147 -
2117 1101 2291 1183 cepit
2333 1101 2359 1183 j
2413 1120 2571 1162 mes.
2625 1106 2693 1163 et
2737 1100 2841 1181 xij

554 1208 732 1252 acras
762 1193 946 1251 terrae
982 1186 1062 1250 de
1091 1186 1682 1269 Plughswaynland
1728 1206 1872 1269 quae
1914 1185 1961 1249 J
1962 1185 2246 1249 ohannes
2290 1186 2463 1249 filius
2506 1186 2555 1250 J
2557 1185 2844 1249 ohannis

557 1273 791 1356 Smyth
821 1278 888 1336 et
931 1273 1161 1336 Emma
1202 1293 1366 1335 uxor
1407 1273 1549 1356 ejus
1590 1272 1770 1355 prius
1815 1277 2182 1349 tenuerunt,
2210 1280 2289 1336 ut
2316 1272 2397 1337 de
2431 1272 2583 1355 jure
2624 1272 2839 1354 ipsius

556 1360 823 1434 Emmae,
873 1379 1019 1441 quae
1068 1366 1257 1442 capta
1302 1365 1456 1423 sunt
1506 1358 1578 1420 in
1625 1378 1824 1421 manu
1871 1358 2156 1435 Domini,
2202 1378 2278 1422 eo
2318 1358 2494 1441 quod
2537 1358 2842 1441 praedicti

558 1448 604 1512 J
607 1446 892 1509 ohannes
922 1454 988 1509 et
1015 1444 1247 1508 Emma
1274 1450 1675 1509 recesserunt
1703 1444 1783 1508 de
1812 1445 2119 1526 praedicta
2145 1452 2377 1509 tenura
2404 1451 2470 1508 et
2500 1450 2848 1508 morantur

558 1533 733 1616 apud
787 1531 1123 1614 watb'n:
1167 1530 1438 1596 habend.
1485 1570 1512 1580 -
1557 1570 1584 1580 -
1630 1530 1711 1594 ad
1762 1536 1943 1595 term.
1995 1530 2151 1595 vitae
2201 1551 2335 1594 suae
2379 1568 2405 1578 -
2451 1566 2479 1578 -
2507 1531 2844 1595 .—Ricar·

557 1619 678 1683 dus
701 1618 963 1682 Herlaw
983 1617 1166 1682 venit
1193 1623 1258 1681 et
1289 1618 1461 1700 cepit
1488 1617 1605 1701 viij
1637 1637 1814 1681 acras
1843 1623 2028 1681 terrae
2055 1618 2136 1682 de
2162 1625 2331 1682 terra
2352 1616 2663 1681 Hostilar'
2687 1638 2843 1700 quae

560 1706 699 1789 [sic]
730 1705 905 1769 idem
934 1705 980 1769 J
982 1703 1267 1768 ohannes
1297 1710 1363 1767 et
1389 1704 1622 1767 Emma
1649 1703 1830 1786 prius
1858 1709 2210 1767 tenuerunt
2237 1709 2314 1767 ut
2342 1703 2422 1768 de
2445 1705 2595 1787 jure
2623 1703 2840 1786 ipsius

557 1793 822 1867 Emmae,
852 1812 996 1875 quae
1039 1795 1244 1874 captae
1273 1796 1428 1854 sunt
1455 1790 1526 1853 in
1556 1810 1822 1853 manum
1851 1790 2121 1853 Domini
2151 1811 2230 1854 ex
2259 1811 2452 1854 causa
2485 1789 2803 1872 praedicta
2821 1815 2840 1853 ε

555 1878 828 1943 habend'
888 1915 915 1927 -
974 1914 1001 1924 -
1061 1877 1142 1941 ad
1208 1883 1389 1942 term.
1454 1876 1610 1940 vitae
1674 1896 1809 1939 suae
1866 1913 1893 1925 -
1945 1912 1989 1940 -.
2041 1915 2130 1926 —
2167 1877 2269 1941 De
2327 1878 2373 1942 J
2376 1876 2631 1940 ohanne
2697 1876 2839 1939 filio

557 1967 602 2030 J
605 1964 876 2028 ohannis
921 1963 1155 2047 Smyth
1198 1969 1265 2027 et
1307 1964 1539 2027 Emma
1580 1982 1779 2026 uxore
1822 1962 1961 2045 ejus
2006 1983 2121 2045 pro
2167 1963 2278 2047 viij
2313 1963 2478 2027 acris
2520 1967 2709 2026 terrae
2753 1963 2840 2026 de

559 2057 730 2116 terra
772 2050 1009 2113 Hostil'
1042 2050 1122 2113 de
1168 2049 1428 2133 dampn’
1459 2048 1804 2132 adjudicat’
1833 2069 1949 2132 per
1981 2050 2109 2133 jur’
2143 2054 2231 2114 38.
2322 2049 2411 2113 Et
2454 2069 2840 2113 concessum

557 2143 657 2201 est
683 2156 798 2220 per
824 2135 1184 2199 Terrarium
1213 2136 1385 2218 quod
1415 2134 1729 2199 Ricardus
1759 2134 1864 2200 del
1896 2135 2188 2199 Hertlaw
2216 2135 2479 2200 habebit
2507 2135 2592 2199 ad
2613 2155 2840 2199 emen-

558 2223 892 2286 dacionem
920 2226 1118 2284 terrae.

645 2309 992 2372 SCHELLES.
1085 2307 1461 2389 Injunctum
1494 2314 1594 2372 est
1628 2308 2085 2373 brasiatoribus
2118 2308 2223 2373 del
2268 2308 2553 2374 Schelles
2580 2309 2843 2392 *nequis

560 2414 779 2459 eorum
807 2392 1102 2457 vendunt
1127 2393 1267 2477 [sic]
1296 2392 1590 2476 lagenam
1621 2395 1910 2459 cervisiae
1939 2395 2112 2458 ultra
2149 2395 2243 2460 ld.
2277 2395 2376 2459 ob.
2406 2433 2433 2445 -
2463 2433 2493 2442 -

643 2479 1217 2543 WEST-RAYNTON.
1331 2479 1709 2563 Inquit-atur
1759 2481 1839 2545 de
1889 2482 2191 2564 capcione
2248 2483 2443 2545 unius
2496 2481 2739 2565 cotagij
2790 2503 2842 2544 v

558 2586 848 2629 acrarum
893 2572 1079 2630 terrae
1129 2565 1454 2649 quondam
1504 2568 1577 2630 in
1626 2573 1854 2631 tenura
1904 2568 2060 2631 Edae
2119 2568 2366 2651 Giblyn
2416 2568 2696 2651 [Gibson
2759 2570 2840 2632 in

563 2658 747 2727 1364,
778 2652 936 2735 III.]
971 2672 1115 2736 quae
1143 2654 1188 2717 J
1191 2653 1478 2717 ohannes
1508 2653 1614 2718 del
1642 2654 1840 2717 Wraa
1868 2655 2041 2739 cepit
2069 2656 2322 2739 xxxviij
2370 2655 2557 2718 annis
2587 2654 2836 2739 elapsis

558 2745 635 2803 ut
663 2740 840 2815 dicit,
867 2740 1039 2803 redd.
1071 2759 1185 2822 pro
1215 2740 1513 2823 operibus
1543 2761 1604 2823 p.
1640 2760 1694 2803 a.
1728 2747 1817 2804 68.
1849 2746 1925 2803 ut
1955 2740 2091 2825 [sic]
2123 2741 2369 2805 solebat
2395 2740 2660 2805 reddere
2690 2762 2755 2825 p.
2779 2763 2836 2805 a.

564 2833 691 2891 108.
742 2826 841 2890 sd.
886 2846 1001 2909 pro
1046 2827 1357 2909 operibus
1451 2827 1606 2890 Ideo
1651 2827 2089 2892 scrutinentur
2131 2828 2355 2891 Rotuli
2398 2827 2479 2891 de
2523 2829 2838 2910 capcione

557 2914 767 2997 hujus.
792 2950 877 2962 —
903 2914 1283 2996 Injunctum
1327 2920 1427 2977 est
1468 2912 1844 2977 tenentibus
1887 2914 2079 2978 istius
2108 2913 2246 2976 vill'
2276 2920 2342 2978 et
2386 2914 2560 2978 villae
2587 2914 2672 2979 de
2713 2916 2843 2980 Est

555 3002 861 3084 Raynton
885 3000 1055 3083 quod
1085 2999 1384 3083 distringi
1414 2999 1657 3063 faciant
1687 3000 1901 3063 averia
1928 3000 2291 3064 tenentium
2316 3000 2396 3064 de
2416 3001 2536 3064 Est
2557 3001 2837 3065 Murton

559 3088 804 3170 depast'
829 3086 1118 3169 ceparale
1147 3087 1419 3149 Domini
1448 3086 1685 3149 Prioris
1716 3092 1782 3149 et
1809 3091 2105 3168 pasturas
2136 3088 2500 3150 tenentium
2530 3125 2560 3135 -
2589 3124 2617 3137 ·

643 3174 1100 3236 PYHYNGTON.
1215 3172 1616 3255 Praeceptum
1667 3172 1794 3235 fuit
1838 3172 2023 3236 sesiri
2064 3173 2135 3236 in
2178 3193 2375 3236 manu
2427 3174 2701 3237 Domini
2750 3175 2835 3239 ad

556 3259 821 3322 ultimos
853 3258 1194 3321 Halmotos
1217 3259 1244 3340 j
1266 3259 1666 3342 mesuagium
1686 3264 1752 3321 et
1775 3279 1862 3321 xx
1896 3279 2071 3324 acras
2093 3265 2276 3323 terrae
2305 3280 2450 3343 quse
2468 3260 2738 3324 fuerunt
2759 3262 2833 3325 in

553 3353 786 3409 tenura
814 3343 1083 3427 Bonagii
1105 3344 1421 3409 Moneour
1448 3365 1521 3409 eo
1552 3345 1726 3429 quod
1755 3345 2087 3430 elongatus
2117 3351 2216 3410 est
2244 3354 2426 3410 extra
2453 3348 2733 3430 patriam
2766 3354 2834 3411 et

553 3428 917 3494 tabernavit
932 3429 1313 3512 praedictum
1336 3433 1734 3515 mesuagium
1757 3439 1823 3496 et
1838 3438 2076 3496 terram
2094 3432 2232 3497 sine
2253 3431 2523 3497 licencia
2539 3433 2834 3511 Domini,

556 3524 622 3581 et
651 3515 853 3580 eciam
884 3516 965 3579 ad
994 3516 1263 3580 sesiend’
1286 3523 1614 3581 vesturam
1632 3518 1922 3602 ejusdem
1951 3524 2135 3582 terrae
2156 3539 2271 3602 pro
2296 3518 2452 3582 firm'
2477 3524 2542 3582 et
2566 3520 2832 3604 dampn'

555 3604 702 3667 fact’
729 3603 801 3666 in
842 3602 1126 3666 aedificiis
1169 3603 1461 3686 praedicti
1504 3606 1830 3689 mesuagii.
1919 3606 2006 3669 Et
2045 3604 2343 3669 dominus
2388 3606 2703 3670 Ricardus
2749 3607 2831 3672 de

556 3690 805 3774 Birtely
834 3710 1038 3773 nuper
1068 3690 1405 3753 Bursarius
1450 3691 1623 3774 cepit
1654 3692 2062 3755 securitatem
2095 3692 2175 3755 de
2210 3691 2518 3775 praedicta
2544 3700 2832 3758 vestura.

558 3778 713 3841 Ideo
772 3777 1138 3860 inquiratur
1194 3776 1276 3839 ad
1333 3797 1511 3860 prox.
1560 3777 1639 3841 de
1697 3778 1913 3842 valore
1970 3786 2262 3842 vesturae.
2348 3779 2436 3842 Et
2493 3779 2833 3843 sciendum

553 3868 651 3927 est
681 3863 856 3946 quod
884 3864 1201 3928 Robertus
1231 3862 1404 3927 filius
1446 3864 1707 3928 Thomae
1737 3872 1804 3927 et
1831 3866 1877 3930 J
1880 3864 2163 3929 ohannes
2208 3866 2526 3928 Punchon
2554 3866 2832 3931 devene-

554 3956 709 4011 runt
738 3949 899 4031 pleg.
931 3949 1200 4033 Bonagii
1229 3949 1308 4013 de
1339 3951 1642 4033 capcione
1672 3951 1966 4034 praedicti
2010 3951 2296 4035 Bonagii.
2386 3952 2631 4035 [David
2662 3969 2729 4017 11.
2761 3955 2837 4017 os

555 4034 860 4099 Scotland
904 4055 1083 4098 came
1126 4037 1265 4098 into
1310 4036 1608 4120 England
1653 4037 1723 4100 in
1767 4039 1915 4103 Jan.
1956 4043 2138 4111 1364,
2169 4037 2297 4101 and
2339 4038 2410 4101 in
2454 4038 2557 4102 his
2588 4039 2828 4103 Cham-

555 4119 802 4185 berlain
861 4120 1040 4183 Rolls
1092 4121 1164 4183 of
1206 4121 1352 4185 that
1406 4143 1578 4205 year,
1636 4124 1677 4188 i.
1734 4126 1878 4200 401,
1938 4123 2260 4207 Bonagius
2319 4144 2541 4188 occurs
2590 4145 2662 4189 as
2723 4126 2828 4192 his

552 4225 872 4288 moneyer.
962 4206 1068 4270 He
1100 4227 1229 4270 was
1259 4207 1330 4271 of
1367 4208 1689 4285 Florence,
1719 4210 1848 4274 and
1877 4211 2193 4293 engraved
2239 4210 2353 4274 the
2381 4211 2556 4275 irons
2585 4211 2687 4275 for
2714 4213 2829 4278 the

555 4291 837 4358 Scottish
889 4293 1168 4376 coinage,
1220 4313 1303 4356 on
1349 4294 1565 4359 which
1615 4297 1719 4361 his
1768 4297 2025 4360 labours
2083 4297 2404 4361 extended
2463 4297 2561 4361 for
2618 4299 2831 4383 thirty

552 4401 739 4464 years
788 4378 920 4459 (see
962 4380 1156 4443 Num.
1209 4379 1429 4444 Chrcm.
1476 4382 1587 4446 xii.
1634 4383 1713 4446 N.
1762 4385 1821 4447 S.
1859 4382 2012 4466 87);
2055 4383 2247 4447 while
2290 4383 2360 4446 in
2405 4384 2704 4467 England
2747 4386 2830 4451 he

555 4466 771 4530 would
813 4466 1123 4549 probably
1152 4466 1233 4529 be
1262 4467 1374 4530 the
1416 4468 1656 4533 minter
1683 4469 1781 4532 for
1812 4469 2053 4551 Bishop
2085 4469 2373 4533 Hatfield
2402 4471 2476 4533 of
2511 4472 2829 4549 Durham,
