3042 5034
532 498 656 558 108
1054 506 1368 556 miron
1397 504 1761 555 rmofflrus
1790 503 2267 553 nmtmsm.
2629 494 2663 553 1
2678 493 2766 554 37
2780 494 2837 553 1.

520 665 796 732 Martini
837 665 1109 731 liberam
1150 666 1402 729 firmam
1448 669 1538 729 3s.
1585 661 1685 728 5d.
1732 669 1799 727 et
1839 660 2131 745 quolibet
2172 683 2347 727 anno
2389 664 2686 745 sequent’
2736 662 2830 726 ad

518 755 687 818 festa
730 754 912 818 Pent.
943 759 1012 817 et
1054 752 1247 817 Mart.
1277 759 1508 835 praeter
1548 750 1819 815 liberam
1862 749 2112 812 firmam
2143 754 2233 813 5s.
2269 750 2405 813 2d.:
2455 749 2827 813 Haeredum

525 840 791 905 Famell’
832 840 1126 924 [perhaps
1154 838 1429 922 Fauiell]
1475 858 1609 901 una
1652 836 1793 920 [sic]
1836 838 2047 900 aetatis
2089 836 2161 920 iij
2195 856 2512 900 annorum
2541 844 2607 899 et
2647 836 2837 899 alter

527 928 738 993 aetatis
790 927 817 1010 j
880 927 1036 991 anni
1096 930 1163 991 et
1214 925 1335 989 di.”
1453 923 1637 1008 [This
1687 931 1878 1007 enti-y
1925 923 1985 987 is
2031 923 2256 987 struck
2307 931 2440 988 out.
2558 922 2640 984 In
2706 921 2836 986 the

528 1015 780 1098 margin
807 1014 866 1078 is
896 1020 932 1047 “
954 1013 1110 1097 quia
1138 1011 1392 1077 conced.
1425 1011 1509 1074 ad
1538 1011 1698 1075 cust’
1727 1008 2152 1094 puerorum.”]

619 1101 1037 1164 Wmou'm.
1130 1100 1507 1182 Injunctum
1540 1102 1641 1162 est
1683 1097 1983 1161 omnibus
2025 1096 2402 1161 tenentibus
2431 1096 2609 1160 villae
2637 1094 2830 1179 quod

527 1187 750 1251 nullus
769 1207 989 1252 eorum
1012 1191 1231 1250 emant
1259 1184 1400 1269 [sic]
1424 1184 1757 1249 cervisiam
1783 1184 1863 1247 de
1887 1184 2253 1267 Margareta
2276 1183 2462 1265 Miry
2481 1183 2564 1246 de
2581 1191 2824 1247 cetero.

525 1274 716 1337 —De
732 1273 901 1358 Agn'
927 1272 1152 1337 relicta
1171 1271 1492 1335 Willelmi
1514 1270 1637 1334 filii
1654 1271 1914 1334 Thomae
1934 1290 2048 1353 pro
2068 1270 2392 1333 merchem
2422 1275 2451 1332 l
2463 1270 2829 1333 2d.—Dies

524 1359 714 1424 datus
745 1366 845 1423 est
864 1360 992 1442 jur'
1019 1358 1212 1423 istius
1240 1358 1416 1422 villae
1444 1363 1512 1422 et
1539 1358 1676 1420 vill'
1707 1357 1788 1421 de
1817 1355 2138 1440 Suthwyk
2167 1356 2343 1440 quod
2369 1356 2708 1439 inquirant
2732 1356 2825 1420 de

524 1466 656 1510 uno
686 1446 933 1529 cotagio
962 1445 1078 1528 etj
1110 1444 1376 1529 gardino
1405 1443 1734 1529 quondam
1763 1443 1834 1506 in
1862 1450 2094 1507 tenura
2116 1443 2385 1507 Henrici
2407 1443 2532 1505 filii
2555 1444 2828 1508 Thomae

526 1531 701 1617 quod
729 1532 895 1618 Agn'
925 1532 1150 1598 relicta
1191 1531 1472 1597 Simonis
1515 1531 1596 1595 de
1642 1529 2023 1595 Moreslawe
2065 1550 2272 1613 nuper
2312 1550 2479 1593 uxor
2521 1529 2828 1612 praedicti

524 1619 797 1686 Henrici
825 1620 997 1703 cepit
1025 1625 1173 1702 post
1202 1624 1472 1683 mortem
1500 1637 1686 1681 suam
1715 1623 1782 1682 et
1812 1617 2026 1681 tenuit
2053 1637 2168 1699 per
2196 1637 2286 1679 xx
2314 1636 2521 1681 annos
2544 1623 2614 1681 et
2641 1616 2826 1681 redd.

524 1727 587 1792 p.
618 1728 675 1772 a.
709 1713 796 1772 38.
826 1706 999 1771 unde
1028 1705 1233 1769 nichil
1262 1704 1460 1770 solvit
1487 1724 1602 1787 per
1629 1709 1887 1787 tempus
1916 1702 2296 1787 praedictum
2325 1708 2393 1768 et
2420 1703 2826 1787 comperitur

529 1800 807 1860 vastum.
893 1793 982 1857 Et
1008 1792 1313 1876 praedicta
1340 1791 1504 1875 Agn'
1536 1791 1708 1874 cepit
1737 1790 2096 1874 proficuum
2139 1810 2256 1873 per
2297 1796 2514 1853 toturn
2555 1797 2825 1874 tempus

528 1880 1124 1965 praedictum—Inj
1132 1885 1402 1943 unctum
1444 1882 1546 1943 est
1572 1876 1906 1941 Willelmo
1937 1877 2160 1942 Carter-
2201 1877 2548 1960 praeposito
2589 1884 2659 1942 et
2693 1876 2825 1960 jur’

530 1967 705 2052 quod
733 1987 865 2031 non
892 1967 1274 2050 permittant
1302 1965 1734 2048 Margaretam
1763 1964 1944 2048 Miry
1961 1963 2236 2028 vendere
2257 1963 2823 2027 cervisiam—In-

523 2055 828 2137 junctum
855 2058 955 2116 est
983 2052 1280 2117 omnibus
1307 2051 1680 2116 tenentibus
1709 2050 1887 2115 viliae
1906 2050 2080 2135 quod
2107 2050 2389 2114 habeant
2406 2070 2825 2115 communem

531 2139 954 2204 braciatorem
983 2146 1174 2222 prout
1202 2138 1488 2222 antiquis
1516 2138 1915 2221 temporibus
1943 2137 2082 2201 fieri
2111 2136 2464 2201 consuevit.

618 2225 1061 2289 WIUESTOWE.
1149 2226 1252 2289 De
1274 2225 1441 2309 Agn'
1462 2224 1976 2308 Gillisdoughter
1995 2244 2108 2307 pro
2128 2223 2265 2300 leir‚
2294 2223 2392 2287 ed,
2467 2223 2574 2287 De
2593 2223 2826 2288 eadem

531 2332 648 2395 pro
682 2310 985 2388 merchet‚
1028 2311 1190 2395 pleg.
1235 2312 1282 2376 J
1285 2311 1572 2376 ohannes
1617 2311 1697 2376 de
1742 2309 2078 2394 Ooupland
2123 2309 2393 2375 maritus
2439 2330 2619 2386 suus,
2679 2316 2708 2373 l
2722 2311 2825 2376 2d.

531 2397 933 2463 condonatur
977 2417 1184 2480 usque
1240 2398 1816 2463 Gd—Ordinatum
1871 2403 1970 2462 est
2029 2418 2111 2462 ex
2158 2396 2488 2460 communi
2548 2417 2828 2462 assensu

532 2484 707 2570 quod
727 2482 948 2548 nullus
969 2484 1306 2568 permittat
1327 2485 1679 2550 servientes
1702 2505 1850 2549 suos
1868 2483 2082 2548 lavare
2104 2503 2353 2566 pannos
2373 2483 2548 2547 infra
2566 2490 2829 2568 petram

533 2570 604 2635 in
634 2590 765 2654 qua
792 2571 939 2636 fons
971 2570 1051 2635 de
1082 2570 1396 2637 Caldwell
1423 2572 1718 2636 situatur.

620 2657 1001 2741 Injunctum
1028 2664 1129 2723 est
1171 2658 1470 2723 omnibus
1512 2658 1886 2723 tenentibus
1913 2656 2216 2720 villarum
2260 2656 2340 2721 de
2369 2656 2832 2722 WYUESTOWE

533 2752 600 2810 et
629 2745 917 2810 HARTON
947 2745 1121 2829 quod
1150 2745 1373 2809 nullus
1403 2766 1622 2810 eorum
1668 2745 1786 2809 fac'
1815 2743 2129 2809 foramina
2169 2764 2288 2827 pro
2317 2745 2572 2808 carbon’
2602 2748 2831 2828 quaer',

534 2852 729 2917 super
756 2838 993 2897 terram
1021 2832 1342 2897 Willelmi
1371 2832 1624 2896 Odnell„
2515 2901 2522 2908 ,

619 2919 924 2984 HARTON.
1036 2920 1140 2983 De
1197 2919 1365 3004 Agn’
1424 2917 1969 3002 Felicedoughter‚
2022 2916 2216 2982 Cecil'
2269 2917 2829 3002 Bellesdoughter,

533 3012 602 3071 et
644 3006 944 3071 Dionisia
987 3006 1261 3070 Browne
1303 3027 1418 3090 pro
1461 3005 1598 3083 leir‚
1647 3005 1788 3069 18d.
1877 3005 1981 3068 Dc
2031 3004 2330 3068 Dionisia
2377 3004 2652 3069 Browne
2703 3026 2826 3089 pro

532 3093 874 3171 merchetO,
902 3092 1065 3176 pleg.
1097 3092 1374 3157 Thomas
1420 3092 1606 3176 Page,
1643 3090 1974 3156 12d.—De
2018 3091 2291 3155 Ricardo
2337 3091 2604 3174 Smytht
2648 3113 2767 3176 pro
2791 3095 2821 3177 j

534 3179 783 3263 cotagio
827 3179 1153 3263 quondam
1196 3180 1265 3242 in
1314 3185 1544 3244 tenura
1587 3178 1750 3263 Agn’
1796 3178 1875 3242 de
1927 3177 2177 3243 Carlele
2223 3185 2596 3261 computato
2648 3181 2826 3245 inter

532 3264 695 3330 vast'
727 3265 810 3330 de
838 3265 928 3349 vij
961 3265 1149 3329 annis
1179 3265 1432 3350 elapsis,
1463 3286 1580 3349 pro
1609 3264 1901 3348 quolibet
1929 3285 2098 3329 anno
2135 3269 2220 3329 ls.
2255 3265 2375 3341 611„
2409 3269 2537 3329 lOs.
2574 3265 2676 3330 fid.

623 3352 894 3417 SHELBS.
986 3351 1478 3416 Consideratum
1525 3352 1595 3415 in
1639 3352 1817 3416 curia
1860 3352 2033 3435 quod
2074 3351 2121 3415 J
2123 3350 2409 3415 ohannes
2452 3351 2534 3417 de
2579 3353 2824 3418 Hilton

531 3441 865 3520 recuperet
906 3435 988 3501 de
1032 3437 1309 3501 Roberto
1354 3439 1434 3503 de
1478 3438 1816 3503 Barthewe
1859 3438 2273 3502 medietatem
2301 3437 2382 3502 de
2423 3437 2520 3502 les
2563 3440 2824 3506 muskls

530 3523 904 3610 perquisitis
928 3543 1044 3608 per
1064 3523 1467 3588 Wsslelmum
1489 3524 1570 3589 de
1587 3524 1830 3609 Whaly
1848 3525 2233 3589 servientem
2251 3525 2456 3608 ipsius
2477 3526 2524 3590 J
2526 3526 2825 3605 ohannis,

532 3616 602 3678 et
630 3609 804 3696 quod
846 3610 1021 3676 idem
1063 3610 1111 3675 J
1111 3610 1395 3676 ohannes
1438 3611 1651 3676 solvat
1692 3612 1959 3695 praefato
2003 3611 2281 3676 Roberto
2330 3611 2428 3675 od„
2475 3612 2573 3677 ob.
2597 3652 2684 3663 -
2707 3615 2822 3678 In-

526 3699 832 3785 junctum
878 3704 977 3764 est
1028 3697 1328 3763 omnibus
1379 3698 1839 3764 brasiatoribus
1875 3698 2053 3762 vsslae
2091 3698 2267 3781 quod
2314 3698 2535 3764 nullus
2595 3720 2821 3766 eorum

531 3786 820 3852 vendant
850 3786 991 3870 [sic]
1020 3785 1318 3871 lagenam
1346 3785 1636 3849 cervisiae
1665 3785 1874 3850 carius
1903 3804 2100 3869 quam
2128 3805 2245 3868 pro
2281 3783 2376 3848 ld.
2409 3786 2508 3850 ob.

620 3873 1127 3937 EST-RAYNTON.
1215 3871 1263 3936 J
1264 3872 1549 3936 ohannes
1567 3871 1741 3936 filius
1761 3872 1925 3956 Agn'
1950 3872 2124 3955 cepit
2144 3872 2172 3956 j
2207 3891 2420 3935 acram
2440 3878 2627 3938 terrae
2644 3879 2712 3938 et
2734 3874 2820 3940 di.

535 3979 699 4023 acrae
756 3959 927 4042 prati
976 3959 1058 4023 de
1107 3958 1483 4023 dominicis:
1531 3958 1803 4024 habend'
1862 3964 1928 4024 et
1986 3958 2244 4023 tenend'
2302 3957 2386 4021 ad
2442 3965 2626 4024 term.
2675 3961 2818 4046 xiiij

537 4064 891 4109 annorum:
934 4044 1105 4109 redd.
1137 4064 1253 4127 pro
1283 4044 1367 4109 di.
1398 4065 1560 4110 acrae
1588 4045 1759 4129 prati
1791 4046 1890 4110 8d.
1923 4051 1990 4110 et
2018 4045 2223 4109 nichil
2243 4064 2360 4128 pro
2382 4045 2410 4128 j
2443 4065 2590 4110 acra
2619 4054 2824 4126 terrae,

533 4130 691 4214 quia
732 4129 1007 4193 Thomas
1051 4130 1299 4194 Gibson
1342 4131 1540 4196 solvit
1579 4132 1750 4196 inter
1791 4131 2145 4196 dominicas
2184 4138 2398 4197 terras.
2424 4171 2514 4181 —
2542 4135 2648 4199 De
2677 4135 2823 4200 Elia

536 4215 994 4282 Pater-Noster
1021 4215 1176 4300 quia
1204 4217 1419 4281 noluit
1447 4219 1817 4302 permittere
1862 4219 2209 4284 Ricardum
2241 4219 2322 4283 de
2352 4218 2561 4303 Colby
2588 4220 2820 4307 impig-

535 4321 761 4370 norare
790 4302 1079 4367 averium
1106 4302 1188 4368 de
1215 4303 1591 4389 Houghton,
1625 4312 1713 4371 2s.

621 4389 1200 4457 WES'r—RAYNTON.
1287 4391 1391 4455 De
1435 4391 1679 4456 Thoma
1721 4392 1879 4457 Roie
1924 4400 1992 4457 et
2033 4413 2236 4456 uxore
2267 4393 2406 4477 ejus
2452 4394 2516 4478 [⁴⁸
2539 4394 2818 4459 condon-

533 4485 683 4544 atur
700 4479 760 4564 '’]
789 4478 838 4543 J
839 4476 1092 4542 ohanne
1120 4475 1462 4561 Huntyng‚
1492 4478 1649 4560 quia
1676 4479 2026 4543 noluerunt
2054 4486 2295 4545 metere
2323 4502 2474 4545 cum
2517 4482 2816 4561 Domino,

2991 0 3031 366 ι

3013 403 3042 782 1
