3042 5034
226 521 257 579 1
273 520 421 581 373.
758 530 1072 579 HALMOTA
1104 530 1469 580 PRIORATUS
1499 531 1975 581 DUNELMENSIS.
2386 525 2411 582 l
2429 525 2507 582 19

219 688 654 789 Ranulphum
676 688 758 752 de
781 687 1117 752 Kitchin-
1148 688 1310 755 -.6d
1334 726 1421 735 —
1441 688 1820 789 Injunctum
1842 696 1942 755 est
1963 690 2262 755 omnibus
2282 699 2507 755 tenen-

216 777 405 840 tibus
435 775 556 840 (10
538 777 585 860 1j
618 775 969 839 Heworths
991 775 1165 859 quod
1193 776 1473 859 reparari
1494 776 1785 841 faciant
1765 797 1836 839 111
1859 783 2234 860 coopertura
2261 777 2506 841 molen-

218 863 370 926 dini
420 862 722 946 aquatici.
743 899 831 908 -—-
855 861 1069 945 [Seven
1108 862 1392 946 person-3]
1445 868 1757 962 ceperunt
1806 864 2084 927 molend'
2134 865 2506 948 aquaticum

216 954 291 1014 et
318 950 743 1014 ventriticum
773 949 854 1013 de
886 947 1294 1013 Heworths-
1325 948 1465 1012 -ad
1492 956 1673 1013 term.
1704 950 1775 1013 ix
1804 969 2133 1014 annorum.

312 1036 678 1099 MONKTON.
787 1035 892 1099 De
949 1035 1197 1099 Thoma
1246 1035 1433 1099 Wffli
1480 1055 1599 1119 pro
1652 1036 1744 1119 xij
1799 1038 1962 1101 acris
2010 1042 2196 1101 terrae
2246 1037 2504 1120 parcell’

215 1123 428 1186 nnius
478 1142 632 1186 mes.
680 1127 745 1186 et
790 1121 953 1204 ii1j¹¹
996 1123 1160 1186 acris
1207 1128 1393 1186 terrae
1443 1121 1767 1205 quondam
1813 1122 2089 1187 Walteri
2141 1122 2373 1208 Smyth
2425 1124 2507 1189 (10

213 1209 553 1273 Monkton
608 1228 753 1292 011εο
799 1208 1092 1272 solebant
1134 1208 1394 1273 reddere
1439 1210 1754 1273 scaccario
1803 1215 1887 1274 2s.
1942 1217 2008 1274 et
2050 1230 2163 1294 pro
2208 1211 2503 1296 cornagio

220 1296 396 1371 20d„
425 1315 542 1378 pro
570 1302 713 1359 rata
741 1296 1042 1379 porcione
1074 1316 1164 1357 xx
1195 1315 1529 1371 annorum,
1556 1297 1725 1379 porc'
1754 1316 1814 1380 p.
1846 1316 1901 1361 a.
1942 1296 2057 1372 7d.‚
2094 1303 2223 1361 lls.
2258 1297 2359 1362 sd.

311 1382 734 1445 WERMOUTH.
823 1382 1202 1464 Injunctum
1234 1387 1332 1444 est
1353 1383 1724 1446 tenentibus
1751 1384 1943 1448 istius
1971 1384 2164 1462 villae,
2186 1384 2506 1461 Suthwik,

217 1474 293 1533 et
339 1468 618 1532 Fulwell
665 1467 839 1550 quod
888 1469 1168 1551 reparari
1217 1468 1458 1531 faciant
1515 1489 1921 1533 communem
1973 1469 2228 1534 faldam.
2251 1508 2339 1519 —
2361 1472 2502 1535 Me-

214 1554 610 1619 morandum
655 1554 829 1637 quod
871 1555 1196 1618 Dominus
1227 1555 1409 1618 Prior
1438 1555 1620 1619 dedit
1663 1556 1913 1620 Simoni
1942 1556 2023 1620 de
2053 1556 2328 1621 Fulwell
2365 1557 2503 1639 jam

218 1642 534 1706 defuncto
564 1640 923 1705 custodiam
953 1642 1150 1705 unius
1195 1661 1345 1706 mes,
1378 1648 1446 1705 e't
1486 1642 1557 1705 ix
1587 1662 1764 1706 acras
1794 1649 1978 1706 terrae
2021 1643 2090 1705 in
2121 1642 2503 1707 Wermouth

218 1749 375 1811 quae
404 1728 845 1793 decendebant
888 1728 1169 1792 Roberto
1213 1727 1347 1791 filio
1390 1727 1650 1792 Thomae
1693 1729 2001 1792 Tailliour
2038 1735 2188 1829 post
2229 1737 2504 1793 mortem

217 1815 462 1880 Aliciae
512 1813 1110 1915 Dobinsdoughter'
1142 1815 1367 1879 matris
1415 1815 1704 1898 ejusdem
1756 1815 2019 1879 Roberti
2067 1815 2180 1898 qui
2239 1816 2503 1898 quidem

218 1902 548 1967 Robertus
591 1901 720 1965 fuit
754 1901 964 1966 aetatis
995 1901 1110 1984 viij
1158 1921 1475 1965 annorum
1514 1901 1586 1964 in
1629 1902 1839 1985 prima
1880 1901 2276 1986 pestilencia,
2305 1922 2503 1984 quam

150 1997 156 2004 ’
214 1997 467 2053 terram
518 1987 830 2052 Ricardus
855 1986 970 2052 'de
1015 1987 1437 2052 Hetheworth
1490 2008 1665 2051 nunc
1711 1995 1962 2072 ocupat‚
2007 2008 2151 2071 quae
2200 1993 2505 2054 tenentur

218 2075 309 2139 de
338 2075 654 2144 ‚Domino
712 2074 931 2138 Priore
990 2094 1107 2158 per
1166 2074 1411 2158 homag.
1476 2080 1544 2139 et
1609 2074 1830 2139 fidelit.
1937 2074 2093 2139 Ideo
2159 2075 2277 2139 dis.
2345 2096 2502 2158 quo-

216 2161 419 2225 modo
448 2167 643 2225 tenet.
672 2196 756 2242 ‚—
778 2161 938 2225 Dies
967 2162 1158 2225 datus
1189 2167 1290 2225 est
1317 2161 1492 2244 quod
1518 2161 1787 2225 videant
1815 2161 1874 2226 si
1915 2163 1961 2227 J
1964 2162 2250 2227 ohannes
2282 2163 2505 2227 Carter

220 2247 475 2313 amovit
509 2248 537 2331 j
584 2253 941 2312 mercstane
986 2248 1065 2312 de
1110 2254 1278 2312 terra
1319 2249 1581 2312 Thomae
1610 2247 1983 2313 Widouson.
2005 2284 2093 2295 —
2114 2250 2217 2313 De
2259 2250 2505 2313 Thoma

219 2334 586 2399 Widouson
606 2334 760 2418 01118
781 2334 1074 2417 culpavit
1085 2335 1112 2417 j
1136 2334 1387 2398 theram
1408 2334 1547 2419 [sic]
1557 2336 1602 2400 J
1606 2334 1879 2400 ohannis
1901 2337 2124 2401 Carter
2143 2335 2226 2400 ad
2244 2336 2503 2419 dampn’

216 2421 435 2505 ipsius
464 2421 510 2485 J
512 2420 786 2485 ohannis
819 2420 918 2485 6d.
949 2441 1063 2505 pro
1095 2420 1225 2504 [ut]
1256 2428 1653 2504 compertum
1684 2429 1799 2497 est,
1829 2423 1909 2488 (10
1936 2423 2370 2488 misericordia
2403 2422 2502 2486 3d.

314 2509 590 2573 sums,
666 2508 891 2571 Unum
920 2512 1363 2573 tenementum
1391 2508 1437 2572 J
1441 2508 1715 2573 ohannis
1734 2510 1813 2574 de
1843 2509 2099 2593 Merlay
2119 2516 2381 2592 captum
2405 2517 2506 2574 est

220 2596 297 2659 in
342 2614 542 2658 manu
595 2593 865 2657 Domini
915 2613 1250 2678 quousque
1300 2594 1553 2659 ostendt
1594 2595 1932 2661 licenciam
1974 2595 2356 2661 tabemandi
2398 2596 2502 2678 pd.

220 2687 676 2748 tenementum
720 2680 802 2745 de
830 2681 1093 2745 terrario
1120 2680 1228 2745 vel
1271 2681 1669 2746 seneschallo
1709 2683 1978 2747 Domini
2007 2683 2263 2747 Prioris.
2290 2721 2378 2732 —
2398 2682 2505 2748 De

222 2767 507 2834 Ricardo
570 2766 817 2831 Barker
875 2768 1155 2832 Roberto
1217 2767 1555 2833 Bendioite
1615 2770 1770 2853 quia
1827 2768 2172 2833 noluerunt
2223 2768 2504 2833 vendere

222 2854 570 2922 cervisiam
611 2853 872 2917 Thomae
917 2853 996 2918 de
1041 2853 1287 2918 (Pndow
1333 2862 1519 2918 extra
1570 2855 1837 2919 domum
1886 2861 1952 2919 et
2002 2863 2229 2938 postea
2277 2854 2504 2918 vendi·

224 2943 467 3008 derunt
510 2940 697 3017 infra,
727 2940 810 3005 de
853 2939 1056 3005 altero
1100 2961 1319 3004 eorum
1358 2941 1611 3006 12d.—
1635 2942 2015 3025 Injunetum
2060 2949 2159 3005 est
2202 2941 2505 3005 omnibus

222 3027 690 3094 brasiatoribus
719 3026 910 3091 istius
938 3027 1115 3091 villae
1159 3027 1332 3110 quod
1363 3027 1650 3092 vendant
1677 3028 1799 3111 lag’
1829 3028 1960 3110 pot’
1991 3033 2057 3091 et
2098 3027 2303 3110 quart’
2334 3027 2505 3092 infra

224 3123 295 3181 et
315 3120 503 3180 extra
531 3114 692 3178 dum
722 3113 1007 3197 aliquam
1037 3114 1376 3178 serviciam
1409 3114 1548 3199 [sic]
1578 3114 1822 3179 habent
1850 3114 1932 3178 ad
1961 3113 2278 3178 vendend.
2308 3113 2506 3177 alicui

222 3201 496 3287 petenti.
522 3235 613 3248 —
636 3201 1015 3283 Injunctum
1062 3206 1163 3266 est
1214 3200 1514 3265 omnibus
1562 3202 1935 3266 tenentibus
1986 3202 2177 3266 istius
2219 3200 2395 3264 vfllae
2439 3207 2507 3266 et

222 3288 433 3353 villat'
494 3288 574 3351 de
632 3287 1046 3371 Wyuestowe
1105 3287 1281 3371 quod
1338 3288 1563 3353 nullus
1622 3308 1845 3352 eorum
1918 3289 2257 3373 permittat
2314 3308 2506 3353 canes

224 3377 468 3440 intrare
496 3376 569 3438 in
597 3374 660 3438 le
692 3374 1082 3459 Conyngere.

314 3462 763 3526 Wmlzsrown.
878 3461 1038 3526 Dies
1098 3461 1291 3525 datus
1351 3465 1450 3526 est
1522 3462 1783 3527 Thomae
1857 3462 2179 3547 Shephird
2244 3462 2327 3527 ad
2385 3463 2502 3527 fac.

224 3551 439 3634 legem
466 3567 651 3612 suam
682 3547 763 3610 ad
793 3548 972 3631 prox'
1003 3548 1132 3612 cur'
1163 3566 1238 3610 eo
1267 3549 1440 3629 quod
1481 3569 1612 3613 non
1641 3550 1832 3635 fregit
1858 3550 2160 3615 convenc’
2193 3549 2506 3614 Odenello

226 3635 540 3701 Tailliour
568 3639 717 3697 cuni
745 3635 809 3718 vj
844 3655 1058 3700 manu.

315 3721 826 3786 EST-RAYNTON.
933 3723 1036 3787 De
1094 3723 1375 3788 Roberto
1433 3721 1515 3787 de
1576 3722 2019 3806 Coldyngham
2081 3721 2237 3804 quia
2296 3721 2509 3784 noluit

226 3809 447 3874 sedere
506 3827 655 3870 cum
708 3807 832 3889 jur’
891 3808 976 3872 ad
1025 3810 1321 3893 praecept'
1380 3810 1630 3873 terrarii
1679 3808 1834 3872 -4od.
1858 3842 1949 3855 —
1971 3808 2349 3891 Injunctum
2409 3812 2508 3871 est

226 3896 534 3961 omnibus
577 3895 952 3958 tenentibus
982 3895 1158 3959 villae
1203 3896 1375 3980 quod
1421 3896 1644 3959 nullus
1689 3915 1910 3959 eorum
1954 3893 2336 3979 permittant
2367 3893 2506 3980 [sic]

229 4001 459 4066 porcos
489 3981 859 4045 subvertere
899 3981 1111 4046 solum
1154 3982 1235 4046 (10
1280 3982 1848 4047 Dunwelmedowe
1893 4002 2012 4047 nec
2055 3986 2323 4046 teneant
2368 3981 2508 4067 [sic]

228 4070 433 4134 altam
462 4067 638 4131 viam
666 4087 782 4151 per
807 4068 1110 4132 medium

317 4157 802 4219 Pl‘r'rYNGTONS.
911 4156 1292 4239 Injunctum
1341 4162 1440 4220 est
1483 4155 1785 4220 omnibus
1835 4155 2293 4220 brasiatoribus
2336 4154 2513 4219 vfflae

228 4243 405 4327 quod
436 4261 570 4304 non
597 4240 888 4326 vendant
928 4242 1225 4326 lagenam
1253 4242 1541 4307 cervisiae
1571 4243 1780 4307 carius
1810 4264 2007 4326 0118111
2036 4263 2152 4327 pro
2184 4245 2211 4328 j
2238 4243 2358 4306 d.-
2389 4245 2514 4304 -et

226 4329 402 4414 quod
447 4332 696 4410 ponant
739 4328 997 4412 signum
1028 4335 1211 4393 extra
1238 4330 1395 4393 dum
1434 4329 1679 4394 habent
1707 4330 1926 4395 cervis’
1957 4330 2040 4394 ad
2067 4328 2513 4394 vendendfi—

228 4417 654 4499 Compertum
711 4421 812 4477 est
871 4416 1044 4499 quod
1101 4417 1230 4480 ten’
1289 4417 1370 4481 de
1414 4416 1657 4480 North·
1659 4416 2067 4500 Pittyngton‚
2111 4412 2509 4487 Moreslawe,

228 4510 294 4571 et
325 4501 526 4570 Suth-
530 4500 919 4586 Pittyngton
952 4508 1259 4568 tenentur
1287 4523 1547 4588 operare
1576 4502 1658 4567 ad
1695 4502 1969 4566 molend'
2002 4501 2082 4565 de
2113 4500 2515 4580 Pittington:
