3042 5034
532 508 653 567 156
1054 516 1371 565 HALMOTA
1400 516 1770 565 PRIORATUS
1800 515 2285 565 DUNELMENSIS.
2633 502 2833 561 1379.

528 676 759 741 Letani
788 676 859 738 in
889 675 1244 759 praeseneia
1278 675 1444 738 dom.
1479 674 1718 738 Prioris
1758 675 1839 738 ad
1873 695 2035 759 opus
2064 674 2271 758 ipsius
2302 673 2459 738 Rob.
2486 694 2505 752 3
2552 672 2704 738 hab.
2742 670 2837 734 ad

527 765 934 827 voluntatem
980 762 1147 826 dom.
1179 763 1438 838 PrioriS,
1469 783 1545 826 eo
1576 761 1749 845 quod
1790 770 1891 826 est
1921 763 2183 826 nativus
2229 762 2417 835 dom„
2447 759 2625 824 redd.
2670 780 2738 842 p.
2771 779 2833 821 a.

527 852 598 934 iij
621 872 667 914 s,
709 851 776 932 vj
801 849 858 914 d.
907 870 1065 913 scae.
1098 849 1265 912 dom.
1299 850 1539 913 Prioris
1585 858 1779 932 prout
1822 850 2021 931 praed.
2049 851 2095 915 J
2100 848 2199 912 oh.
2236 847 2539 923 reddidit,
2583 852 2654 911 et
2702 866 2834 929 pro

529 938 830 1022 operibus
891 936 1162 1000 manerii
1221 957 1310 999 xv
1345 936 1423 1013 d.,
1473 944 1542 1000 et
1599 936 1820 999 omnia
1877 937 2008 1000 alia
2079 935 2352 999 servicia
2412 943 2570 1018 pert.
2626 933 2831 1018 praed.

528 1045 818 1090 manerio
849 1062 876 1073 -
907 1060 933 1071 -

619 1113 1112 1175 WYLLYNGTON.
1203 1111 1307 1174 De
1350 1109 1652 1174 omnibus
1696 1109 2072 1175 tenentibus
2116 1108 2292 1173 villae
2337 1129 2453 1193 pro
2484 1107 2833 1191 arreragiis

531 1200 692 1263 firm.
726 1199 808 1262 de
837 1197 1307 1261 Williamsmor
1351 1218 1482 1280 pro.
1516 1198 1632 1281 xiij
1667 1218 1767 1260 an.
1801 1196 2058 1279 elapsis»,
2088 1195 2381 1280 quolibet
2410 1215 2583 1259 anno
2616 1217 2663 1258 x
2684 1216 2836 1258 a.—

527 1287 687 1351 Rob.
713 1286 800 1347 fil.
824 1284 1100 1347 Andreae
1119 1286 1292 1367 cepit
1314 1285 1342 1367 j
1375 1304 1560 1347 mess.
1582 1285 1715 1367 xlvj
1738 1306 1793 1348 a.
1811 1292 1878 1348 et
1897 1283 2099 1347 eciam
2110 1285 2137 1366 j
2165 1303 2349 1347 mess,
2371 1289 2440 1346 et
2460 1303 2601 1346 xxx
2620 1303 2675 1346 a.
2700 1289 2832 1346 ter.

528 1393 663 1437 voe.
688 1370 1221 1449 Qwitmallands;
1260 1371 1404 1435 hab.
1426 1371 1507 1434 ad
1534 1383 1715 1434 term.
1740 1371 1895 1433 vitae
1917 1390 2068 1447 suae,
2090 1370 2264 1435 redd.
2291 1371 2634 1453 antiquam
2657 1369 2832 1432 firm.

529 1467 596 1522 et
626 1459 868 1535 servio„
893 1466 960 1521 et
988 1458 1243 1521 invenit
1274 1479 1361 1520 xx
1395 1479 1446 1522 a.
1480 1459 1652 1521 binae
1682 1477 1918 1522 arrurae
1948 1478 2109 1540 quas
2154 1457 2249 1521 sie
2278 1456 2607 1535 dimittet3
2652 1456 2831 1540 pleg.

529 1545 710 1610 Will.
742 1545 848 1609 del
880 1548 1036 1608 Raw
1073 1546 1213 1627 jun.
1265 1545 1425 1628 [and
1469 1541 1712 1629 others}
1804 1546 1891 1608 Et
1935 1547 1993 1608 si
2028 1545 2361 1627 contingat
2403 1543 2581 1627 quod
2626 1544 2830 1627 praed.

529 1634 688 1698 Rob.
739 1634 826 1696 sit
865 1638 1154 1695 mortuus
1201 1632 1371 1694 infra
1421 1632 1490 1715 iij
1543 1652 1643 1696 an.
1676 1632 1977 1696 dominus
2023 1632 2206 1695 Prior
2236 1631 2382 1695 vult
2426 1638 2494 1694 et
2523 1630 2835 1695 coneedit

530 1720 705 1804 quod
735 1719 913 1784 Will.
947 1720 1052 1784 del
1083 1720 1239 1782 Raw
1264 1719 1424 1802 jun„
1447 1720 1502 1782 si
1526 1719 1781 1796 vixerit,
1804 1719 2042 1784 habeat
2069 1719 2262 1802 praed.
2287 1738 2475 1783 mesa.
2499 1725 2570 1782 et
2597 1723 2713 1782 ter.
2739 1717 2835 1781 ad

529 1815 713 1873 term.
746 1809 946 1870 trium
977 1827 1123 1870 ann.
1155 1842 1183 1857 ·
1214 1843 1239 1856 -
1270 1845 1358 1855 —

621 1896 1026 1959 Hsswomns.
1117 1892 1514 1957 Memorand.
1549 1892 1722 1976 quod
1766 1893 2007 1956 Terrar.
2039 1892 2214 1975 cepit
2250 1912 2368 1975 pro
2404 1890 2548 1955 luto
2579 1891 2661 1956 de
2690 1896 2833 1955 ten.

531 1982 660 2046 luti
679 1982 791 2063 xiij
814 2002 859 2045 a.
883 1982 977 2063 iiij
1002 1980 1254 2044 d.-De
1282 1979 1328 2043 J
1332 1980 1432 2044 oh.
1467 1980 1688 2043 Buron
1718 1987 1787 2043 et
1813 1980 2030 2043 Adam
2049 1980 2272 2043 Potter
2300 1979 2382 2043 de
2404 1978 2835 2043 Gatesheued

533 2090 649 2152 pro
680 2069 901 2130 licene.
935 2089 1125 2151 quaer.
1158 2067 1372 2129 lutum
1403 2087 1520 2149 per
1542 2067 1569 2150 j
1605 2088 1704 2131 an.
1738 2087 1852 2149 per
1881 2067 1924 2148 ij
1960 2067 2273 2144 homineS,
2306 2087 2398 2128 xx
2419 2085 2467 2130 3.

621 2156 666 2218 J
669 2170 921 2217 ARowss.
1001 2154 1384 2235 Injunetum
1406 2161 1508 2217 est
1530 2163 1659 2218 ten.
1683 2153 1877 2230 villae,
1897 2153 2071 2236 quod
2101 2173 2313 2217 vaoeae
2341 2160 2410 2217 et
2438 2153 2663 2217 omnia
2692 2151 2832 2217 alia

532 2241 766 2316 averia,
797 2248 1030 2321 praeter
1059 2241 1254 2304 boves
1299 2247 1366 2305 et
1411 2261 1611 2323 equos
1642 2241 1974 2304 trahentes
2008 2249 2077 2304 et
2107 2240 2423 2316 bidenteS,
2466 2239 2831 2324 depascant

530 2329 602 2390 in
648 2347 986 2391 commune
1032 2347 1228 2400 mora,
1259 2333 1326 2390 et
1364 2348 1492 2390 non
1543 2326 1716 2403 alibi,
1747 2328 1870 2391 sub
1914 2347 2110 2410 poena
2153 2327 2222 2390 xl
2243 2327 2303 2392 d.
2342 2327 2633 2390 solvend„
2681 2335 2831 2404 ete„

531 2422 598 2478 et
642 2414 845 2477 eciam
890 2413 1064 2496 quod
1110 2413 1332 2476 nullus
1373 2434 1596 2477 eorum
1642 2415 2025 2497 permittant
2069 2415 2283 2490 boves,
2326 2434 2545 2496 equ08,
2593 2434 2829 2497 porcos

531 2521 741 2576 aucas,
786 2520 906 2563 nee
954 2500 1173 2583 aliqua
1213 2501 1429 2564 averia
1473 2522 1592 2565 sua
1634 2502 1811 2565 exire
1841 2502 2071 2565 villam
2113 2501 2253 2565 sine
2284 2501 2637 2565 sufficienti
2683 2520 2830 2565 eus-

531 2589 710 2651 todia
739 2589 862 2651 sub
891 2587 1114 2650 eadem
1145 2607 1350 2670 poena.

621 2675 982 2738 MONKTON.
1075 2675 1457 2758 Injunctum
1489 2680 1589 2739 est
1621 2675 1923 2739 omnibus
1954 2682 2104 2751 ten„
2135 2674 2309 2759 quod
2339 2675 2563 2739 nullus
2595 2696 2829 2740 eorum

533 2770 830 2845 agestant
878 2782 1100 2844 porcos
1154 2782 1274 2825 nee
1319 2762 1539 2844 aliqua
1582 2763 1800 2826 averia
1843 2762 2015 2826 infra
2057 2775 2389 2846 pasturam
2433 2762 2632 2838 villae,
2690 2763 2828 2826 nisi

532 2852 753 2914 averia
796 2870 913 2914 sua
935 2850 1210 2932 propria,
1241 2849 1362 2911 sub
1395 2848 1645 2932 [poena]
1690 2850 1758 2912 xl
1781 2849 1838 2912 d.
1886 2849 2169 2914 solvend.
2218 2849 2827 2933 etc.—Injunctum

534 2944 633 3001 est
685 2938 985 3001 omnibus
1033 2945 1162 3000 ten.
1215 2936 1390 2999 villae
1437 2957 1519 2999 ne
1573 2942 1700 3000 ten.
1747 2936 1829 3000 de
1880 2936 1928 2999 J
1930 2956 2101 3000 arow
2159 2937 2546 3020 permittant
2596 2937 2827 3020 aliqua

533 3025 751 3089 averia
781 3045 898 3088 sua
920 3025 1164 3087 intrare
1195 3022 1512 3105 stipulum
1544 3030 1891 3107 antequam
1919 3023 2091 3089 blad.
2117 3031 2493 3087 amoveatur
2515 3023 2597 3087 de
2628 3030 2827 3101 terra,

532 3120 767 3194 praeter
818 3132 1034 3194 equos,
1084 3111 1277 3173 boves
1342 3110 1692 3185 trahenteS‚
1745 3111 1868 3174 sub
1915 3131 2110 3193 poena
2157 3110 2227 3173 xl
2251 3110 2308 3174 d.
2358 3109 2649 3175 solvend.
2696 3118 2823 3175 eta

535 3200 917 3281 Injunetum
950 3208 1049 3261 est
1078 3198 1377 3260 omnibus
1408 3206 1540 3266 ten,
1577 3197 1753 3261 villae
1794 3198 1966 3280 quod
1998 3197 2330 3262 emendari
2359 3197 2606 3261 saciant
2651 3197 2827 3262 altas

532 3286 672 3347 vias
717 3285 890 3346 infra
934 3291 1113 3367 sept„
1152 3285 1275 3347 sub
1319 3304 1511 3367 poena
1551 3284 1616 3366 vj
1644 3282 1701 3348 d„
1749 3284 2034 3348 solvend.
2077 3286 2674 3368 eto.—Injun0tum
2718 3294 2827 3350 est

534 3372 794 3434 Thomae
825 3372 1022 3434 Lame
1052 3371 1223 3453 quod
1254 3371 1537 3453 reparari
1582 3372 1781 3435 faciat
1821 3392 2021 3435 unam
2051 3373 2381 3456 grangiam
2410 3373 2825 3437 combustam

534 3459 605 3521 in
637 3464 867 3520 tenura
898 3478 1015 3520 sua
1044 3454 1208 3520 eitra
1238 3458 1384 3522 fest.
1421 3459 1479 3522 S.
1514 3458 1736 3535 Mioh.,
1768 3460 1888 3522 sub
1919 3479 2115 3542 poena
2145 3459 2214 3522 xl
2237 3480 2284 3523 s,
2305 3490 2325 3500 »

619 3547 1045 3609 WERMOUTH.
1134 3544 1238 3609 De
1268 3545 1403 3609 Ric.
1435 3546 1520 3609 fiL
1555 3546 1706 3629 Rog.
1739 3566 1855 3629 pro
1892 3546 2066 3610 freth
2094 3548 2277 3611 fract.
2308 3567 2423 3629 per
2464 3565 2696 3628 porcos
2732 3546 2824 3611 de

532 3633 823 3717 qualibet
866 3633 1007 3696 vice
1039 3632 1101 3715 vj
1130 3632 1187 3695 d.
1229 3630 1425 3718 [three
1466 3634 1639 3696 other
1683 3639 1929 3697 tonante
1968 3634 2296 3716 similarly
2322 3630 2552 3719 finedJ.
2649 3634 2821 3698 Con·

533 3723 867 3785 cordatum
898 3727 995 3784 est
1026 3719 1199 3803 quod
1231 3719 1451 3783 nullus
1482 3729 1602 3784 cot.
1636 3725 1815 3784 tenet
1854 3720 1983 3783 nisi
2006 3721 2034 3803 j
2068 3741 2331 3785 vaccam
2372 3720 2479 3784 vel
2523 3720 2824 3803 quinque

534 3809 849 3883 bidenten,
880 3816 946 3871 et
986 3828 1117 3870 non
1162 3807 1397 3890 plureS,
1439 3815 1505 3871 et
1551 3807 1653 3870 illi
1692 3808 1808 3891 qui
1852 3807 2097 3871 habent
2138 3808 2358 3891 plures
2402 3808 2825 3872 amoviantur

535 3894 678 3981 [sic]
709 3896 871 3958 eitra
901 3915 1075 3977 prox.
1109 3915 1239 3958 our.
1275 3895 1396 3957 sub
1426 3914 1622 3977 poena
1652 3893 1724 3957 xl
1745 3895 1803 3958 d.

623 3983 1082 4044 WYVESTOWE.
1193 3981 1296 4045 De
1342 3981 1560 4045 Alicia
1619 4001 1819 4046 uxore
1871 3981 2007 4046 Rie.
2061 3981 2341 4045 Diotson
2397 3981 2559 4065 [and
2617 3982 2822 4045 elem

534 4069 702 4132 other
744 4067 1005 4149 women]
1051 4087 1165 4149 pro
1209 4067 1454 4151 injusta
1483 4069 1593 4132 via
1621 4070 1793 4132 facta
1836 4068 2011 4132 ultra
2039 4069 2208 4134 blad.
2240 4069 2714 4132 dominicorum
2748 4075 2823 4133 et

535 4154 701 4219 blad.
744 4154 1126 4235 Margaretae
1170 4154 1250 4217 de
1296 4155 1579 4237 Lomley,
1624 4162 1819 4238 prout
1862 4162 2264 4237 compertum
2308 4163 2425 4233 est,
2471 4156 2552 4219 ad
2599 4155 2817 4240 damp.

536 4241 784 4306 domini
808 4248 875 4304 et
894 4241 1292 4323 Margaretae,
1315 4242 1395 4305 de
1420 4243 1728 4325 qualibet,
1747 4243 1811 4325 vj
1834 4243 2091 4325 d.—Inj
2100 4248 2369 4307 unctum
2392 4247 2491 4307 est
2510 4243 2818 4309 omnibus

534 4337 661 4394 ten.
694 4328 872 4392 villae
901 4328 1072 4410 quod
1103 4327 1542 4392 obscurabunt
1570 4330 1783 4394 fossat.
1824 4331 2020 4413 juxta
2048 4330 2111 4394 le
2142 4329 2435 4395 Grendik
2477 4330 2641 4394 citra
2670 4331 2817 4396 fest.

535 4418 595 4479 S.
630 4416 817 4479 Cuth.
851 4434 1028 4496 prox,
1061 4414 1198 4490 fut„
1228 4415 1349 4476 sub
1385 4435 1581 4496 poena
1623 4416 1694 4478 xl
1717 4416 1774 4478 d.
1807 4415 2092 4480 solvend.
2124 4424 2261 4493 ete„
2293 4423 2360 4481 et
2402 4417 2611 4481 eciam
2639 4418 2817 4500 quod

532 4500 756 4564 nullus
787 4520 1007 4563 eorum
1037 4508 1356 4562 evacuant
1385 4502 1416 4562 f
1442 4498 1587 4585 [sic]
1617 4500 1679 4565 le
1708 4501 1897 4566 West
1925 4502 2078 4586 poll,
2100 4503 2222 4568 sub
2252 4503 2478 4567 eadem
2508 4524 2821 4587 poena.—
