3042 5034
212 488 249 547 1
267 488 315 547 3
327 488 376 548 6
388 489 447 549 9.
799 500 1115 550 amon
1143 499 1504 550 numurus
1534 500 2009 552 omnnem.
2459 491 2542 550 89

205 656 427 808 {gigo
450 656 825 743 incipiendo
881 657 1132 723 solvere
1188 656 1273 723 sd
1329 657 1570 723 festum
1627 658 1811 724 Pent.
1869 678 2041 723 enno
2097 657 2372 723 Domini
2420 664 2543 724 etc.

321 753 709 895 ljimnmm.
796 829 1291 896 Memorandum
1320 830 1495 914 quod
1524 831 1572 897 J
1572 830 1859 896 ohannes
1885 830 2063 896 filius
2091 831 2351 897 Thomoe
2380 832 2546 897 obiit

207 916 367 1000 qui
394 917 615 981 tenuit
642 916 772 981 duo
812 918 1133 1002 bondsgia
1175 916 1257 982 de
1292 917 1595 994 Domine,
1625 938 1830 983 unum
1869 917 1956 982 ad
1997 917 2158 982 firm’
2187 919 2401 984 denar'
2432 919 2540 1003 [cf.

206 1002 363 1069 the
409 1023 660 1087 penny-
632 1003 826 1124 -farm
862 1005 936 1068 of
968 1003 1083 1069 the
1126 1004 1453 1105 episcopal
1493 968 1679 1089 rolls]
1730 1010 1799 1070 et
1849 1004 2028 1069 aliud
2078 1004 2163 1068 sd
2208 1005 2544 1089 antiquam

211 1089 700 1210 mit'[mits1n.
789 1090 975 1156 “She
1002 1090 1299 1155 threwe
1278 1110 1351 1154 ιιι
1392 1096 1525 1155 two
1562 1093 1758 1168 mites,
1790 1090 2006 1155 which
2049 1092 2242 1156 make
2270 1111 2310 1156 a
2337 1091 2540 1176 quad-

212 1176 411 1240 rin’'
429 1198 512 1233 =
531 1176 769 1241 “misit
788 1176 918 1241 duo
945 1178 1205 1242 minuta
1225 1175 1401 1260 quod
1421 1182 1519 1242 est
1530 1177 1916 1278 quadi-unffi
1932 1199 2015 1234 =
2031 1178 2283 1243 ‘sende
2311 1183 2542 1262 tuoege

211 1270 454 1347 styma
480 1263 572 1327 th’
600 1263 660 1329 is
689 1263 1033 1347 feorthung
1059 1263 1251 1348 penn'
1273 1262 1372 1347 ':']
1415 1269 1483 1328 et
1524 1263 1782 1330 invenit
1822 1271 2060 1330 terram
2087 1266 2261 1330 binae
2304 1285 2541 1330 arrurae

214 1370 416 1500 ¹¹¹³?
442 1349 778 1501 ‘'t‘'ffimff
816 1350 1574 1520 Mffissssiseloffidbfgimi.
1604 1351 1684 1415 ‘¹⁹
1714 1351 1984 1503 ¹³33?
1996 1351 2540 1504 ἕὲἓωιιῗηω

218 1456 315 1501 so
346 1456 477 1501 ven
771 1457 808 1502 e
1271 1456 1316 1500 n
1675 1457 1758 1502 ue
1926 1458 1995 1504 es
2441 1458 2540 1502 ιιιι

220 1543 429 1607 prox.
460 1523 755 1587 futurum
783 1457 883 1588 etp.
890 1522 1411 1588 manutenebunt
1443 1457 1718 1588 aedilliscgm
1745 1524 2200 1608 praedictorum
2228 1524 2536 1608 bondagi-

220 1629 437 1674 orum
465 1615 533 1674 et
561 1630 638 1675 ea
664 1609 737 1673 in
781 1609 1118 1674 sufficient'
1147 1614 1325 1674 statu
1368 1608 1719 1687 dimittent,
1747 1610 1830 1674 ad
1872 1610 2048 1695 quod
2090 1610 2539 1710 obligaverunt

222 1716 315 1762 se
367 1696 445 1760 in
494 1696 688 1761 curis.
705 1696 1157 1760 —Eustacius
1202 1695 1598 1780 Fristellyng
1642 1697 1853 1761 tenuit
1900 1697 2059 1761 dum
2109 1696 2281 1760 vixit
2329 1716 2537 1760 unum

222 1782 645 1867 bondagium
687 1782 873 1866 cujus
916 1782 1138 1866 capeio
1176 1782 1466 1846 nondum
1507 1782 1858 1859 invenitur,
1886 1788 1953 1847 et
1981 1782 2145 1847 obiit
2171 1781 2255 1846 ad
2298 1782 2538 1847 festum

230 1869 311 1934 S.
356 1869 635 1933 Andreae
675 1867 889 1933 ultim'
931 1868 1348 1952 praeteritum,
1397 1875 1466 1934 et
1515 1888 1712 1953 super
1757 1868 1881 1933 hoc
1931 1869 2166 1933 Emma
2207 1868 2535 1952 quondam

227 1976 415 2020 uxor
453 1955 750 2040 praedicti
794 1954 1130 2020 Eustachii
1173 1956 1422 2038 juravit
1469 1954 1544 2018 in
1595 1954 1774 2019 curis
1822 1954 1997 2039 quod
2047 1956 2538 2039 manuoperabit

227 2042 623 2127 praedictam
638 2047 878 2107 terram
897 2046 966 2106 et
982 2040 1156 2125 quod
1172 2061 1306 2105 non
1323 2041 1616 2126 elongav²
1636 2042 1771 2126 [see
1786 2040 1900 2107 the
1928 2041 2081 2107 Law
2102 2041 2536 2108 Dictionaries

228 2130 403 2193 mb‘
405 2128 743 2212 ‘elongata
760 2127 821 2212 ”J
851 2129 1066 2193 averia
1093 2147 1214 2192 nec
1242 2127 1461 2212 aliqua
1500 2128 1672 2191 bona
1715 2128 1796 2193 de
1840 2128 2148 2214 praedicta
2189 2134 2360 2194 terra
2393 2129 2535 2194 sine

230 2214 520 2280 licencia.
574 2214 847 2280 Domini
902 2220 971 2280 et
1026 2214 1074 2280 J
1075 2212 1318 2279 ohsnm
1374 2214 1456 2279 de
1526 2214 1846 2299 Raynton.
1875 2254 1965 2265 —
1993 2216 2376 2300 Injunctum
2434 2223 2535 2281 est

234 2302 546 2368 omnibus
574 2302 948 2367 tenentibus
975 2300 1154 2366 vfllae
1193 2300 1367 2384 quod
1406 2301 1691 2366 habeant
1732 2322 1939 2367 unum
1979 2322 2327 2367 messorem
2370 2302 2533 2368 citra

236 2408 425 2472 prox.
472 2389 680 2453 cm&-
710 2388 1165 2471 ·Injunctum
1203 2392 1304 2452 est
1342 2386 1625 2453 Robcrto
1671 2388 1979 2489 Fermour
2028 2394 2099 2453 et
2147 2389 2409 2453 Thomae
2451 2389 2534 2454 de

239 2475 529 2559 Brygsm
561 2474 830 2541 memori
872 2473 1046 2558 quod
1080 2493 1214 2537 non
1257 2474 1640 2558 permittant
1681 2474 1992 2540 vicarium
2044 2475 2279 2541 habere
2321 2474 2531 2540 chaci-

238 2562 422 2626 niam
447 2562 588 2647 [sio]
618 2568 687 2627 et
713 2560 1071 2626 rechsciam
1100 2559 1181 2624 de
1209 2559 1394 2625 Eden
1415 2581 1624 2645 usque
1646 2562 1912 2627 Esilden
1942 2566 2011 2627 et
2039 2583 2076 2627 e
2098 2581 2420 2627 converso,
2443 2599 2534 2612 —

238 2648 628 2733 Injunctum
671 2653 774 2713 est
815 2647 1116 2712 omnibus
1158 2648 1536 2713 tenentibus
1578 2648 1754 2713 vinae
1784 2647 1960 2733 quod
1989 2647 2266 2731 quilibet
2307 2668 2533 2714 eorum

234 2735 527 2820 reparari
553 2734 755 2800 faciat
779 2733 843 2799 le
871 2753 1062 2799 cause
1091 2733 1193 2817 [=
1222 2734 1601 2819 causewayJ.

326 2822 631 2887 BUBDON.
722 2820 1216 2886 Consideratum
1244 2826 1345 2885 est
1371 2820 1547 2905 quod
1575 2820 1895 2885 Robertus
1923 2820 2163 2904 Dynys
2192 2824 2260 2884 et
2288 2818 2530 2884 Matill’

233 2928 406 2974 uxor
432 2909 574 2993 ejus
603 2906 865 2972 solvent
891 2907 972 2972 de
1001 2913 1214 2973 cetero
1241 2926 1358 2990 pro
1386 2927 1521 2972 uno
1551 2906 1801 2990 cotagio
1829 2905 2006 2990 quod
2034 2904 2260 2970 eedem
2289 2905 2530 2970 Matill'

232 2995 415 3080 cepit
457 2993 831 3079 quindecim
874 2993 1064 3059 annis
1108 2993 1347 3078 elapsis
1393 2999 1482 3059 4s.
1512 2998 1709 3078 prout
1748 2991 1919 3058 illud
1961 2991 2170 3075 cepit:
2214 2998 2283 3056 et
2326 2993 2530 3056 eciam

228 3081 413 3167 quod
438 3081 615 3146 idem
657 3080 979 3146 Robertus
1007 3079 1220 3145 solvat
1246 3079 1326 3145 de
1355 3085 1567 3146 cetero
1609 3099 1726 3163 pro
1767 3099 1900 3143 uno
1942 3077 2271 3163 mesuagio
2300 3083 2370 3143 et
2396 3099 2530 3143 una

228 3169 476 3234 bovata
516 3174 702 3233 terrae
750 3172 881 3233 l2s.
912 3186 972 3250 p.
1002 3187 1058 3232 a.
1088 3172 1281 3251 prout
1322 3186 1401 3232 ea
1442 3165 1619 3251 cepit
1660 3171 1854 3249 prout
1880 3170 2282 3250 compertum
2311 3169 2412 3230 est
2452 3165 2525 3229 ιιι

226 3255 533 3340 pluribus
562 3253 892 3318 Halmotis
934 3253 1446 3337 praecedentibus
1485 3273 1602 3337 pro
1646 3272 1722 3317 eo
1750 3253 1924 3337 quod
1967 3252 2167 3318 iidem
2206 3252 2525 3317 Robertus

226 3348 300 3407 et
330 3340 571 3406 Matffl’
597 3340 814 3425 plures
842 3340 982 3405 dies
1010 3340 1095 3404 ad
1122 3339 1495 3405 ostendend'
1516 3340 1853 3424 capciones
1874 3340 1992 3405 ubi
2006 3340 2184 3406 idem
2206 3339 2526 3406 Robertus

226 3428 397 3494 dicit
424 3448 497 3494 se
523 3427 771 3511 cepisse
798 3427 1109 3510 praedicts
1136 3427 1460 3510 cotagium
1488 3426 1889 3513 mesuagium
1910 3434 1978 3492 et
1997 3434 2234 3492 terram
2250 3447 2365 3511 pro
2394 3432 2423 3491 1
2436 3434 2524 3493 2s.

227 3521 299 3581 et
328 3535 463 3580 non
492 3512 927 3579 ostenderunt.
1017 3512 1220 3596 [Vide
1254 3512 1579 3598 1366.]—
1595 3513 1914 3579 Robertus
1942 3513 2025 3578 de
2052 3513 2321 3578 Faudon
2342 3514 2527 3578 venit

223 3602 301 3666 ιιι
332 3602 465 3667 cur’
494 3607 563 3666 et
582 3600 741 3665 fecit
766 3599 1148 3665 fidelitatem
1190 3619 1308 3683 pro
1337 3598 1608 3664 dimidio
1649 3601 1845 3665 unius
1889 3600 2202 3699 mesuagii
2229 3605 2297 3664 et
2324 3600 2525 3663 trium

223 3688 616 3753 bovatamm
642 3693 828 3752 terrae
857 3706 1054 3770 quam
1081 3691 1266 3751 tenet
1293 3684 1422 3751 de
1393 3706 1542 3770 Jure
1567 3686 1798 3751 Aliciae
1840 3686 2060 3750 uxoris
2090 3686 2231 3768 ejus
2274 3684 2428 3748 filiae
2455 3690 2526 3749 et

225 3776 427 3840 unius
471 3772 749 3839 haemdis
795 3772 1032 3856 Rogeri
1079 3707 1421 3837 Anotson.J
1505 3771 1694 3837 Idem
1744 3772 2062 3836 Robertus
2107 3770 2307 3835 habet
2351 3770 2524 3835 diem

223 3881 436 3945 usque
486 3860 730 3925 festum
778 3859 964 3924 Pent.
1017 3879 1197 3943 prox.
1244 3858 1542 3923 futurum
1591 3858 1677 3924 ad
1730 3856 2101 3923 faciendum
2150 3857 2523 3942 homagium

225 3968 423 4013 suum
459 3967 539 4012 eo
582 3945 758 4030 quod
801 3931 1014 4031 proles
1053 3945 1362 4011 sussitata
1401 3952 1502 4010 est
1549 3945 1722 4010 inter
1765 3964 1888 4009 eos.
1977 3944 2382 4029 Praeceptum
2425 3952 2523 4010 est

227 4034 613 4118 distringere
642 4032 955 4133 'rhomam
985 4032 1231 4098 Casson
1259 4037 1327 4097 et
1354 4032 1522 4116 Agn'
1551 4052 1819 4097 uxorem
1848 4031 1988 4115 ejus
2011 4030 2212 4096 filiam
2234 4037 2302 4097 et
2321 4052 2524 4097 unam

223 4120 561 4186 haeredum
806 4120 1164 4184 Anotson
1211 4119 1294 4184 ad
1337 4119 1584 4183 essend’
1626 4119 1737 4183 hic
1778 4119 1863 4183 ad
1905 4138 2082 4203 prox.
2122 4119 2207 4183 ad
2249 4120 2521 4184 faciend'

223 4206 477 4291 homsg’
522 4205 604 4270 ed
646 4205 692 4269 fi
736 4205 939 4270 elitst'
983 4205 1284 4270 Domino,
1372 4205 1477 4271 De
1519 4205 1764 4271 eisdem
1806 4206 2053 4270 Thoma
2094 4212 2161 4271 et
2190 4205 2357 4290 Agn’
2402 4226 2519 4289 pro

222 4293 467 4359 relevio
511 4312 630 4357 suo
675 4292 773 4357 δᾶ.
819 4299 889 4357 et
927 4291 1013 4357 di.
1058 4291 1145 4357 11).
1184 4290 1445 4356 cumini.
1534 4292 1640 4357 De
1686 4292 1964 4357 Roberto
2016 4292 2098 4357 de
2139 4291 2407 4356 Faudon
2455 4295 2523 4355 et

222 4380 438 4445 Alicie
484 4398 689 4444 uxore
738 4399 796 4463 eJ
800 4400 879 4445 us
926 4378 1131 4444 altera
1175 4379 1311 4443 filia
1362 4385 1430 4443 et
1474 4378 1732 4444 haerede
1777 4378 2009 4463 Rogeri
2058 4379 2355 4442 Anotson
2405 4396 2522 4460 pro

220 4467 467 4534 relevio
497 4485 617 4532 suo
651 4466 752 4532 ed.
768 4400 866 4531 Jcli.
899 4466 987 4532 lb.
1017 4465 1281 4532 cumini.
