3042 5034
567 503 595 560 1
609 503 645 560 2
1082 511 1398 560 HALMOTA
1425 510 1788 560 PmoaA‘ros
1816 508 2297 558 DUNELMENSIS.
2451 497 2684 557 1299-1
2701 495 2861 555 309.

560 669 733 735 Item
755 669 1072 752 juratores
1103 669 1329 733 dicunt
1357 668 1531 753 quod
1560 668 1719 733 dicti
1760 667 2054 732 homines
2084 666 2377 732 solebant
2404 665 2640 730 habere
2670 685 2860 729 com-

560 776 827 820 munem
866 756 938 820 in
977 756 1042 820 le
1089 756 1403 821 Grenside
1446 755 1704 839 quando
1748 762 1917 819 terra
1962 754 2125 819 citra
2169 754 2232 819 le
2277 752 2595 818 Grenside
2635 751 2866 836 jacuit

561 849 917 909 warectata.
1007 843 1177 907 Item
1206 842 1434 906 dicunt
1455 843 1628 925 quod
1659 841 1819 906 dicti
1847 841 2139 906 homines
2178 861 2311 905 non
2341 840 2580 904 debent
2607 838 2862 903 habere

562 949 970 994 communam
1000 930 1070 994 in
1113 929 1175 995 le
1230 928 1560 994 Cotwallis
1607 929 1665 993 si
1693 928 2078 992 claudentur
2106 934 2222 991 aut
2270 946 2423 1010 sepe
2451 925 2559 989 vel
2602 925 2860 989 fossato

560 1016 989 1081 includentur.
1108 1016 1275 1081 Item
1331 1015 1652 1098 juratores
1699 1014 1927 1080 dicunt
1971 1013 2146 1098 quod
2204 1013 2362 1077 dicti
2407 1011 2708 1077 homines
2771 1010 2858 1075 de

562 1103 809 1168 Dalton
881 1103 1124 1167 habent
1181 1102 1607 1167 sufficientem
1665 1108 1994 1186 pasturam
2065 1107 2297 1184 praeter
2344 1098 2487 1164 loca
2545 1098 2857 1183 superius

563 1190 845 1254 Domino
875 1190 1080 1253 Priori
1105 1194 1441 1254 reservata.

652 1326 666 1341 .
714 1325 728 1341 .
775 1327 789 1340 .
838 1275 1326 1340 consideratum
1347 1282 1446 1340 est
1469 1274 1642 1358 quod
1672 1273 2066 1359 Reginaldus
2095 1276 2424 1355 recuperet
2446 1271 2527 1335 de
2556 1269 2855 1335 Hem-ico

562 1362 696 1426 filio
739 1362 899 1426 Adae
942 1382 1057 1446 pro
1103 1361 1360 1426 defectu
1404 1368 1590 1426 terrae
1625 1381 1758 1425 suae
1802 1382 1933 1425 non
1974 1366 2391 1443 compostatae
2432 1362 2499 1422 et
2539 1378 2658 1440 pro
2693 1377 2854 1422 con-

562 1449 873 1513 vencione
904 1469 1036 1513 non
1065 1455 1318 1513 servata
1349 1455 1457 1525 4s.,
1480 1454 1548 1512 et
1576 1448 1749 1531 quod
1779 1447 1995 1511 dictus
2025 1445 2347 1510 Henricus
2377 1444 2466 1509 sit
2493 1444 2568 1507 in
2595 1444 2852 1508 miseri-

563 1535 794 1601 cordia.
885 1535 1069 1599 Idem
1115 1535 1437 1600 Henricus
1483 1535 1638 1618 quia
1684 1534 1951 1599 cariavit
1993 1534 2221 1597 fimum
2264 1531 2346 1596 de
2389 1537 2561 1596 terra
2605 1530 2852 1595 Prior-is

562 1643 768 1707 usque
797 1622 879 1685 ad
910 1621 1304 1707 wapentach’
1336 1622 1654 1706 Sadberg',
1682 1619 1753 1684 in
1782 1619 2230 1686 misericordia.
2299 1664 2306 1669 -

652 1759 666 1775 .
714 1760 728 1775 .
775 1759 789 1775 .
838 1710 1250 1774 Conventum
1293 1713 1392 1773 est
1420 1709 1592 1772 inter
1634 1727 2044 1772 communam
2075 1705 2213 1790 [sic]
2244 1703 2422 1769 viUae
2450 1704 2533 1768 de
2576 1702 2850 1767 Burdon

564 1796 736 1880 quod
779 1796 1056 1880 quilibet
1097 1803 1325 1860 tenens
1369 1815 1569 1859 unam
1614 1794 1915 1859 bovatam
1960 1798 2145 1857 terrae
2191 1791 2426 1855 habeat
2467 1791 2540 1854 in
2579 1795 2854 1874 pastura

565 1883 694 1948 duo
751 1883 1057 1947 animalia
1114 1882 1470 1947 secundum
1530 1881 1704 1964 quod
1762 1879 2235 1945 consideratum
2291 1877 2421 1940 fuit
2477 1897 2596 1960 per
2653 1877 2850 1941 breve

565 1971 1141 2034 admensuracionis
1158 1977 1443 2052 pasturae
1489 1988 1703 2033 coram
1731 1967 2106 2032 vicecomite
2147 1963 2416 2029 Dunltn.
2447 1963 2624 2046 quod
2653 1963 2851 2028 breve

566 2054 933 2138 Stephanus
963 2056 1041 2119 de
1072 2056 1439 2138 Fysseburn
1467 2054 1624 2118 tulit
1651 2074 1873 2118 versus
1903 2051 2292 2116 Michaelem
2321 2049 2401 2114 de
2432 2050 2747 2114 Haluton.

653 2142 901 2206 SUMMA
928 2142 1117 2205 istius
1147 2141 1343 2205 rotuli
1371 2162 1454 2205 ex
1482 2147 1756 2224 utraque
1783 2146 1981 2223 parte,
2015 2145 2097 2202 28
2124 2138 2193 2203 11.
2228 2144 2316 2202 4s.
2351 2136 2451 2201 2d.

655 2227 983 2292 Omucnm
1011 2229 1368 2290 TERRARIAE
1400 2228 1538 2310 [sic]
1570 2248 1640 2292 se
1669 2226 1965 2292 extendit
1993 2225 2076 2289 ad
2110 2231 2191 2289 24
2221 2224 2288 2288 li.

655 2314 907 2379 SUMMA
953 2314 1177 2377 TRIUM
1227 2314 1604 2377 Ttnmontm
1650 2334 1799 2379 cum
1841 2312 2198 2379 redditurus
2241 2309 2719 2395 pertinentibus
2764 2310 2853 2374 ad

566 2399 915 2466 'Ferrariam
945 2400 1084 2484 [sic]
1117 2399 1410 2482 iiijnxvij
1443 2399 1509 2464 li.
1542 2420 1631 2463 xv
1660 2420 1709 2465 s.

654 2593 705 2637 c.
743 2578 926 2636 1300.
973 2623 986 2637 .
1034 2623 1048 2637 .
1095 2622 1109 2637 .
1155 2573 1344 2637 Terra
1371 2572 1688 2637 willelmi
1722 2570 2182 2636 Molendinarii
2224 2575 2414 2654 capta
2443 2560 2646 2635 est-in
2675 2571 2848 2634 man'

567 2659 838 2724 Domini
880 2680 953 2724 eo
983 2659 1157 2743 quod
1200 2659 1498 2743 inpotens
1531 2665 1630 2725 est
1672 2667 1892 2724 tenere
1933 2664 2170 2723 terram
2199 2662 2266 2721 et
2292 2656 2467 2741 quod
2497 2657 2848 2739 quamdam

568 2746 833 2811 domurn
863 2747 1195 2812 conbussit
1223 2753 1290 2811 et
1317 2766 1538 2811 omnes
1566 2745 1713 2810 aliae
1742 2745 1970 2810 domus
1999 2765 2132 2809 suae
2161 2749 2316 2807 sunt
2344 2743 2626 2808 ruiturae.

657 2834 1022 2898 HEWORTH.
1112 2834 1615 2899 Incrementum.
1726 2833 1829 2897 De
1881 2833 2159 2896 Roberto
2207 2830 2501 2895 Bercario
2548 2850 2667 2914 pro
2713 2850 2850 2894 una

567 2941 713 2985 acra
755 2928 822 2987 et
865 2921 948 2985 di.
994 2921 1167 2986 vasti
1216 2920 1376 2997 18d.‚
1419 2920 1489 2984 id
1533 2924 1633 2984 est
1675 2939 1790 3003 pro
1834 2939 1981 2982 acra
2030 2918 2170 2982 12d.
2217 2916 2530 3001 quamdiu
2572 2917 2738 2982 bene
2778 2922 2848 2981 et

568 3007 846 3073 fideliter
873 3028 943 3072 se
971 3007 1269 3073 habuerit
1298 3009 1369 3071 in
1398 3006 1668 3072 servicio
1697 3005 1943 3089 prioris,

655 3093 897 3159 AGLEY.
991 3095 1120 3177 (De
1170 3094 1511 3178 praeposito
1563 3093 1791 3168 erased,
1839 3092 1937 3155 the
1986 3093 2242 3175 marqin
2286 3090 2556 3172 readinq
2613 3096 2849 3174 praeter

567 3182 614 3246 J
616 3181 746 3245 ord’
777 3186 844 3244 et
872 3179 997 3244 Ad'
1029 3180 1233 3263 Brun)
1281 3186 1348 3244 et
1391 3180 1598 3245 tribus
1642 3178 1831 3243 bond'
1873 3178 2028 3261 quia
2069 3177 2595 3243 contradixerunt
2640 3179 2850 3242 facere

568 3266 837 3331 servicia
879 3266 1098 3330 debita
1142 3267 1423 3330 manerio
1474 3272 1625 3343 los„
1667 3266 1750 3329 de
1793 3266 2029 3349 quibus
2071 3262 2453 3397 praepositus
2495 3262 2682 3328 dabit
2728 3266 2846 3348 (4s.

567 3354 817 3416 erased:
861 3351 1058 3415 solvit
1089 3358 1174 3416 8s.
1206 3353 1283 3415 in
1310 3353 1408 3416 the
1434 3353 1736 3437 margin).

657 3439 905 3503 CUPUN.
995 3438 1097 3502 De
1125 3439 1172 3503 J
1175 3437 1424 3503 ohanne
1456 3439 1703 3515 Surcot,
1731 3459 1846 3522 pro
1887 3437 2157 3503 licencia
2197 3436 2496 3503 habenda
2535 3437 2849 3501 mittendi

569 3525 710 3610 [sic]
742 3526 980 3590 toftum
1010 3544 1201 3589 suum
1231 3544 1379 3589 cum
1423 3526 1589 3590 tofto
1618 3526 1665 3590 J
1666 3526 1940 3590 ohannis
1985 3526 2101 3601 Ra,
2137 3524 2276 3588 15d.
2299 3562 2388 3572 —
2407 3525 2512 3589 De
2540 3527 2587 3591 J
2591 3524 2847 3589 ohanne

567 3613 647 3678 de
678 3612 1008 3689 Gretham‚
1038 3613 1193 3696 quia
1220 3612 1535 3695 pejoravit
1557 3612 1831 3676 salinam
1855 3612 2112 3676 Ricardi
2134 3611 2213 3676 de
2229 3611 2616 3676 Wolviston.
2634 3647 2722 3660 —
2743 3611 2848 3677 De

566 3699 937 3785 quindecim
980 3698 1171 3763 bond'
1202 3699 1356 3782 quia
1384 3699 1763 3764 summoniti
1793 3699 2025 3763 falcare
2059 3703 2319 3783 pratum
2347 3699 2585 3763 Prioris
2611 3705 2684 3763 et
2712 3719 2847 3762 non

566 3793 897 3852 venerunt.
988 3786 1145 3850 Ideo
1173 3787 1246 3850 in
1275 3785 1710 3851 misericordia
1738 3785 2013 3868 quilibet
2045 3785 2143 3849 6d.

651 3873 1075 3938 Womns'ron.
1168 3872 1296 3958 (De
1326 3874 1574 3956 Rogero
1616 3872 1874 3956 Pilling'
1904 3872 2140 3957 erased)
2172 3871 2326 3955 quia
2354 3891 2488 3937 non
2529 3870 2848 3937 satisfecit

565 3959 854 4025 Waltero
882 3960 1089 4044 Legge
1118 3959 1199 4025 de
1227 3960 1273 4043 ij
1308 3960 1539 4025 celdris
1570 3959 1822 4024 carbon’
1851 3963 1918 4023 et
1950 3959 2049 4022 4d.

660 4137 689 4196 1
703 4074 844 4201 3Οᾶ
951 4131 1145 4195 Α11110
1187 4139 1284 4194 m⁰
1327 4140 1464 4196 ccc⁰
1508 4136 1751 4197 octavo.
1818 4130 2001 4195 Prior
2043 4136 2110 4196 et
2154 4135 2512 4196 conventus
2557 4130 2848 4196 ecclesiae

565 4218 872 4284 Dunelm’
903 4217 986 4281 ad
1007 4218 1254 4281 firmam
1279 4218 1665 4284 dimiserunt
1692 4217 1972 4282 Andreae
2001 4218 2306 4302 Bouenye
2336 4218 2418 4283 de
2445 4218 2680 4282 Ara-ste
2707 4238 2846 4283 ma-

564 4306 819 4371 nerium
848 4325 1038 4369 suum
1068 4304 1149 4369 de
1178 4304 1540 4390 Wardleye,
1570 4305 1652 4369 ad
1681 4305 2030 4370 terminum
2060 4311 2308 4389 septem
2335 4324 2671 4382 annorum,
2694 4326 2847 4370 cum

565 4392 865 4459 omnibus
883 4392 1112 4476 pertin'
1143 4392 1406 4456 mineris
1428 4392 1655 4469 boscis,
1684 4398 1822 4468 etc„
1850 4391 2047 4456 salvis
2066 4393 2364 4457 omnibus
2385 4391 2588 4456 firmis
2613 4397 2682 4455 et
2701 4392 2846 4456 red-

566 4480 810 4545 ditibus
853 4479 1074 4544 assisis
1117 4479 1252 4543 suis
1281 4478 1686 4555 molendinis,
1714 4477 2085 4562 perquisitis
2115 4478 2587 4556 Halmotorum,
2618 4477 2845 4562 piscar'
