3042 5034
222 511 257 568 l
272 510 427 569 366.
772 520 1087 569 HALMOTA
1116 520 1480 570 PRIORATUS
1510 519 1989 572 DUNELMENSIS.
2433 519 2469 575 5
2478 520 2514 576 5

216 677 515 762 quilibet
543 698 767 743 eorum
794 681 1013 743 teneat
1039 676 1268 742 hirsill'
1297 681 1365 743 et
1393 678 1569 762 quod
1611 679 1982 745 custodiant
2026 680 2169 766 [εἰσ]
2196 703 2420 767 porcos
2451 692 2519 750 et

221 765 360 829 alia
391 764 614 830 averia
643 785 761 830 sua
789 765 951 829 citra
978 764 1153 849 quod
1181 785 1313 829 non
1341 765 1760 830 inveniantur
1801 767 1971 831 infra
1998 767 2277 835 bladum.
2302 809 2390 820 —
2412 773 2515 837 De

217 852 509 916 Ricardo
552 851 690 916 filio
732 852 993 916 Thomae
1033 872 1151 936 pro
1193 851 1381 917 freth'
1425 852 1605 918 fract’
1647 873 1764 936 per
1804 874 1997 918 aucas
2042 863 2110 920 et
2152 857 2354 922 eciam
2398 880 2514 943 pro

216 938 411 1003 falda
436 938 657 1016 fracta,
685 960 764 1003 ex
792 939 1006 1023 gracia
1037 937 1182 1003 2od.

308 1025 928 1090 EST-MERYNGTON.
1016 1025 1395 1108 Injunctum
1423 1029 1525 1090 est
1547 1024 1673 1108 jur’
1703 1031 1770 1091 et
1798 1027 2058 1111 ponder'
2087 1029 2261 1112 quod
2303 1030 2513 1116 inpig-

219 1117 469 1175 norant
513 1112 654 1196 [εἰσ]
699 1113 912 1177 averia
962 1114 1008 1178 J
1009 1112 1283 1177 ohannis
1326 1111 1448 1176 filii
1492 1112 1756 1176 Ricardi
1798 1114 2132 1180 veniencia
2175 1116 2255 1180 de
2307 1118 2512 1202 Wyn-

225 1197 509 1263 delsdon
566 1199 651 1263 ad
709 1198 1086 1282 depassend'
1145 1199 1317 1263 infra
1379 1219 1522 1263 cam
1583 1249 1597 1263 .
1658 1248 1674 1266 .
1733 1250 1748 1264 .
1808 1201 1982 1284 quod
2041 1223 2172 1266 non
2232 1203 2513 1269 habeant

221 1286 672 1350 communiam
713 1285 955 1351 ibidem
996 1287 1127 1351 nisi
1167 1306 1284 1371 per
1322 1286 1538 1350 averia
1565 1287 1876 1351 cubancia
1916 1288 2156 1354 ibidem
2185 1290 2304 1355 viz.
2336 1293 2512 1376 apud

222 1371 801 1457 Est-Meryngtou.

314 1459 528 1524 FEBY.
615 1460 661 1524 J
663 1458 947 1524 ohannes
990 1459 1072 1524 de
1115 1459 1485 1524 Bicheburn
1512 1459 1695 1523 venit
1729 1460 1801 1523 in
1843 1462 1973 1526 cur'
2003 1468 2070 1527 et
2099 1464 2274 1546 cepit
2302 1485 2508 1529 unum

221 1546 625 1631 bondagium
653 1546 824 1631 quod
855 1546 1172 1612 Robertus
1196 1546 1376 1611 Todd
1404 1546 1584 1630 prius
1613 1547 1826 1611 tenuit
1846 1553 1912 1612 et
1934 1569 2187 1614 sursum
2211 1551 2509 1630 reddidit,

224 1632 410 1717 quod
437 1633 749 1716 quiddam
779 1632 918 1717 [εἰσ]
948 1634 1079 1698 ten'
1109 1633 1433 1717 quondam
1473 1633 1597 1697 fuit
1638 1633 1710 1697 in
1740 1639 1969 1699 tenura
1997 1635 2312 1700 willelmi
2342 1638 2510 1701 Ton-

224 1722 587 1785 noksman:
630 1719 902 1785 habend'
944 1729 1012 1786 et
1052 1720 1182 1784 ten'
1213 1720 1295 1784 ad
1337 1727 1520 1786 term.
1565 1721 1719 1784 vitae
1762 1741 1928 1785 suae:
1973 1721 2145 1787 redd.
2194 1724 2509 1788 scaccario

223 1827 291 1891 p.
321 1829 381 1872 a.
415 1812 548 1871 20s.
578 1813 644 1872 et
672 1808 910 1892 argent’
940 1808 1087 1872 terr'
1116 1844 1147 1854 -
1175 1844 1206 1854 -
1293 1807 1380 1871 Et
1410 1806 1585 1891 cepit
1613 1807 1818 1871 eciam
1846 1807 1918 1870 in
1946 1808 2142 1872 stuffo
2171 1829 2319 1872 cum
2350 1830 2510 1893 prae-

225 1894 409 1958 dicto
437 1893 756 1979 bondagio
784 1895 832 1978 ij
864 1895 1059 1959 boves
1089 1898 1157 1958 et
1192 1893 1220 1977 j
1253 1914 1494 1977 equum
1522 1894 1691 1977 prec’
1720 1894 1859 1978 cap’
1894 1899 1981 1958 8s.
2013 1899 2080 1960 et
2107 1894 2153 1978 ij
2187 1897 2510 1979 quarteria

222 1980 543 2045 frumenti
570 1988 639 2046 et
664 1981 711 2064 ij
746 1981 1069 2065 quarteria
1112 1978 1357 2063 av[ense
1387 1980 1561 2064 Pleg.
1593 2017 1621 2029 -
1651 1979 1704 2065 -]
1791 1980 1881 2043 Et
1908 1980 2022 2045 dat
2065 2002 2180 2065 pro
2222 1983 2509 2066 gres'm'a

230 2074 324 2132 2s.
414 2068 503 2131 Et
533 2065 755 2154 [super
789 2066 937 2155 hoc]
971 2067 1254 2152 dampna
1297 2067 1712 2132 aedificiorum
1756 2067 2208 2150 adjudicantur
2234 2090 2351 2153 per
2380 2071 2506 2154 jur'

226 2154 314 2219 ad
350 2154 495 2220 lSd.
523 2175 669 2239 quse
695 2154 1054 2221 liberantur
1072 2156 1118 2220 J
1120 2153 1361 2219 ohanni
1391 2154 1471 2219 de
1495 2153 1865 2220 Bicheburn
1888 2155 1967 2220 de
1990 2156 2227 2240 quibus
2250 2163 2509 2242 reputat

225 2262 299 2306 se
327 2245 726 2308 contentum.

320 2419 509 2493 1366,
542 2416 672 2479 ΙΙΙ.
723 2415 809 2499 [A
838 2414 961 2480 roll
989 2414 1290 2481 attached
1334 2421 1406 2480 at
1433 2415 1520 2480 its
1550 2414 1692 2493 end,
1722 2416 1811 2501 by
1841 2416 1951 2482 old
1981 2416 2267 2494 stitches‚
2297 2424 2364 2481 to
2394 2418 2507 2483 the

226 2501 357 2567 end
387 2503 461 2567 of
482 2502 629 2567 that
657 2502 729 2567 of
756 2507 942 2580 1366,
972 2503 1065 2567 ΙΙ.
1139 2503 1275 2568 The
1297 2508 1411 2586 top
1433 2502 1551 2568 has
1573 2503 1737 2569 been
1766 2511 1878 2569 cut
1900 2525 2082 2588 away
2113 2506 2200 2588 by
2225 2505 2505 2570 scissors.

225 2589 589 2654 Stevenson
618 2588 863 2675 rightly
890 2588 1179 2655 indorses
1207 2590 1263 2654 it
1298 2595 1327 2653 1
1340 2590 1513 2674 366]

315 2676 619 2761 [Incipit]
673 2677 928 2741 Simus.
979 2713 1008 2727 -
1066 2712 1095 2724 -
1153 2677 1257 2741 De
1313 2677 1529 2742 Adam
1589 2675 1897 2761 Schropp‚
1940 2677 2095 2761 quia
2150 2674 2506 2759 hospitavit

223 2764 274 2829 J
275 2763 602 2829 ohannem
628 2763 842 2829 Lolles
887 2767 954 2828 et
994 2763 1211 2828 tenuit
1253 2763 1326 2826 in
1369 2763 1676 2828 comitiva
1718 2784 1836 2829 sua
1878 2768 2101 2828 contra
2144 2763 2502 2827 deffensum

223 2850 499 2914 Domini
550 2855 743 2934 prout
790 2848 1141 2914 inhibitum
1196 2850 1323 2914 fuit
1371 2849 1445 2914 in
1487 2850 1739 2914 ultimis
1799 2849 2128 2914 Halmotis
2181 2885 2208 2897 -
2260 2885 2289 2897 -
2342 2849 2504 2932 [The

224 2936 468 3002 entries
512 2957 583 3002 as
624 2941 694 3001 to
740 2935 997 3002 Shields
1039 2937 1111 3000 in
1153 2936 1266 3001 the
1308 2936 1433 3002 roll
1478 2937 1552 3001 of
1594 2941 1784 3012 1366,
1824 2936 1936 3011 ΙΙ.,
1965 2934 2131 2998 have
2158 2933 2502 3019 perished]

226 3023 609 3106 Injunctum
638 3028 739 3088 est
766 3023 1065 3089 omnibus
1093 3024 1466 3089 tenentibus
1495 3022 1672 3087 villae
1700 3022 1929 3105 nequis
1958 3041 2179 3086 eorum
2214 3020 2504 3104 inhospi-

224 3116 327 3175 tat
387 3110 530 3194 [εἰσ]
586 3109 971 3194 praedictum
1021 3111 1067 3175 J
1068 3110 1388 3176 ohannem
1430 3147 1461 3160 -
1504 3146 1536 3156 -
1624 3109 2003 3193 Injunctum
2054 3114 2153 3172 est
2203 3108 2502 3172 omnibus

224 3197 685 3262 brasiatoribus
724 3196 898 3262 villas
940 3198 1171 3281 nequis
1215 3217 1435 3262 eorum
1464 3196 1754 3262 vendant
1797 3195 1938 3280 [εἰσ]
1981 3195 2318 3260 cervisiam
2363 3195 2503 3260 sine

226 3283 508 3348 mensur’
552 3282 742 3368 sigill’
792 3284 962 3348 infra
1019 3285 1285 3349 domum
1342 3304 1462 3349 nec
1520 3289 1704 3348 extra
1744 3320 1775 3330 -
1819 3319 1846 3331 -
1892 3303 2009 3348 nec
2068 3289 2308 3367 negant
2359 3282 2502 3366 [εἰσ]

224 3370 503 3435 vendere
531 3370 868 3435 cervisiam
909 3378 1091 3437 extra
1132 3372 1395 3436 domum
1424 3370 1657 3435 vicinis
1688 3370 1823 3436 suis
1852 3390 1970 3436 nec
2000 3370 2325 3455 aliquibus
2355 3370 2501 3435 aliis

229 3456 387 3521 dum
417 3458 755 3522 cervisiam
781 3456 1022 3523 habent
1051 3458 1192 3542 [εἰσ]
1222 3458 1307 3522 ad
1335 3457 1665 3523 vendend’.

310 3543 819 3610 Es‘r-RAYNTON.
917 3545 1299 3628 Injunctum
1363 3551 1465 3610 est
1530 3544 1828 3609 omnibus
1893 3544 2265 3609 tenentibus
2329 3542 2504 3607 villae

226 3629 399 3714 quod
427 3631 695 3695 veniant
721 3631 793 3695 in
821 3632 1138 3696 auxilium
1181 3631 1448 3696 messori
1488 3650 1606 3715 pro
1648 3631 2191 3716 impignoracione
2232 3629 2502 3693 faciend'

226 3737 420 3800 super
447 3717 593 3783 illos
624 3718 741 3802 qui
769 3723 1068 3784 exercent
1095 3719 1374 3802 injustas
1420 3767 1436 3784 .
1481 3768 1494 3783 .
1542 3767 1558 3784 .
1603 3717 1774 3782 ultra
1802 3722 2132 3799 pasturam
2177 3752 2204 3764 -
2248 3751 2276 3763 -

313 3804 806 3869 Rimsmrr.
896 3804 980 3890 [A
1010 3804 1443 3888 sub-heading
1484 3810 1555 3869 to
1593 3804 2081 3879 East-Rainton,
2111 3821 2182 3866 so
2211 3800 2282 3864 in
2317 3805 2504 3876 1365,

228 3890 384 3977 111.]
468 3892 516 3957 J
519 3891 804 3956 ohannes
846 3892 1090 3957 Milner
1124 3891 1204 3957 de
1250 3892 1312 3957 S.
1344 3891 1590 3976 Giligat
1633 3896 1700 3956 et
1728 3889 2098 3954 willelmus
2145 3888 2505 3953 Steuenson

226 3984 545 4042 venerunt
585 3979 659 4042 in
700 3978 830 4044 cur'
876 3982 942 4044 et
994 3984 1305 4062 ceperunt
1343 3978 1458 4062 viij
1506 3997 1688 4042 acras
1738 3982 1923 4042 terrae
1967 3996 2127 4061 quas
2173 3977 2219 4041 J
2221 3975 2504 4039 ohannes

230 4063 476 4130 Barkar
515 4065 697 4149 prius
738 4066 990 4132 tenuit:
1034 4064 1308 4131 habend.
1341 4102 1370 4114 -
1400 4070 1431 4113 -‘
1460 4064 1543 4128 ad
1585 4071 1768 4129 term.
1810 4085 1899 4127 xv
1938 4083 2288 4127 annorum:
2330 4063 2504 4127 redd.

229 4170 288 4234 p.
318 4172 371 4216 a
401 4171 520 4235 pro
550 4172 697 4217 acra
730 4153 908 4218 12d.:
955 4152 1324 4235 incipiendo
1354 4151 1602 4216 solvere
1633 4150 1716 4215 ad
1755 4151 1994 4215 festum
2024 4150 2298 4219 Martini
2326 4170 2505 4233 prox.

227 4238 519 4303 futurum
550 4275 576 4287 -
607 4275 635 4287 -
664 4239 752 4304 Et
778 4239 1043 4303 interim
1073 4239 1119 4303 J
1120 4240 1405 4304 ohannes
1436 4237 1682 4301 Barkar
1711 4245 2009 4303 oneretur
2037 4238 2117 4301 de
2147 4237 2345 4300 firma.

310 4325 696 4410 Injunctum
758 4332 859 4390 est
918 4326 1220 4391 omnibus
1278 4324 1657 4391 tenentibus
1708 4324 1883 4388 villae
1941 4345 2024 4388 ne
2081 4323 2228 4406 quis
2288 4341 2507 4385 eorum

226 4417 444 4477 teneat
486 4433 716 4497 porcos
760 4413 1003 4497 absque
1031 4412 1259 4477 hirsill'
1291 4433 1411 4477 nec
1454 4412 1658 4477 aukas
1689 4411 1809 4476 sub
1844 4430 2037 4494 poena
2079 4406 2363 4473 solvend’
2395 4425 2509 4487 pro

223 4499 516 4585 quolibet
557 4520 753 4584 porco
787 4500 887 4566 δᾶ.
919 4505 988 4565 et
1024 4520 1140 4584 pro
1171 4499 1461 4585 quolibet
1499 4497 1671 4563 auka
1717 4497 1815 4561 2d.
1838 4530 1928 4544 —
1942 4494 2157 4559 Alicia
2186 4491 2512 4576 quondam
