3042 5034
184 464 217 522 l
230 464 380 525 369.
741 473 1060 524 ΗΑΙΜΟΤΑ
1087 473 1449 524 PRIORATUS
1480 475 1955 528 DUNEunmsls,
2398 471 2473 529 81

270 633 745 698 BILLYNGEAM.
833 632 936 697 De
964 632 1268 698 Johanne
1298 632 1454 699 Cars
1486 640 1556 699 et
1599 634 1857 699 Matild'
1886 636 2239 702 Haumond
2282 659 2483 704 uxore

176 720 327 804 ejus
359 726 428 787 et
452 721 620 805 pleg.
651 719 859 805 ipsius
901 719 1160 784 Matild’
1191 719 1272 784 de
1315 720 1621 805 capcione
1662 740 1779 804 pro
1808 722 2238 789 deteriacione
2282 725 2479 790 unius

176 805 1888 994 ffffiqffissutssssffirffieffoffpfflmoeefflpiss
1901 809 2076 997 ’ἓξὲξ
2101 811 2480 962 iffi-¹⁰³1?

171 981 492 1063 junctum
519 986 620 1045 est
648 980 950 1045 omnibns
978 979 1354 1044 tenentibus
1383 980 1557 1045 vmae
1585 980 1760 1064 quod.
1801 983 2082 1066 reparari
2124 983 2370 1049 faciant
2412 984 2475 1050 le

176 1066 594 1131 Wetherkot’
638 1067 801 1131 citra
843 1067 1085 1131 festum
1129 1066 1313 1132 Pent.
1358 1086 1544 1167 prox..
1583 1067 1878 1133 futurum
1919 1070 2042 1134 sub
2091 1090 2288 1155 poena
2342 1077 2475 1138 40s.

174 1154 274 1218 Et
300 1152 643 1219 sciendum
672 1153 846 1238 quod
873 1172 1069 1238 poena
1096 1152 1227 1216 fuit
1268 1154 1483 1236 posita
1524 1153 1596 1217 ιιι
1633 1153 1931 1238 pluribus
1974 1156 2307 1222 Halmotis
2351 1159 2476 1223 sub

176 1239 417 1305 eadem
444 1259 760 1324 poena—
780 1240 1166 1324 Injunctum
1193 1245 1295 1304 est
1315 1240 1442 1323 J'ur'
1471 1240 1646 1324 quod
1665 1241 1932 1308 videant
1958 1245 2280 1328 cotagium
2302 1244 2478 1329 quod

176 1325 353 1411 Agn’
376 1325 785 1391 Chaundeler
803 1326 1058 1392 tenuit
1038 1347 1110 1390 in
1139 1332 1455 1410 quantum
1484 1326 1943 1393 deterioratur
1922 1350 1994 1393 ιιι
2021 1331 2288 1395 tenura
2268 1333 2475 1417 ipsius

176 1414 356 1498 Agn'
394 1419 459 1477 et
500 1432 618 1497 per
659 1418 980 1498 quantum
1021 1418 1296 1496 possunt
1336 1414 1618 1497 reparari
1660 1420 1727 1478 et
1768 1423 2162 1498 praesentant
2206 1418 2346 1503 [sic]
2392 1418 2477 1484 ad

177 1499 386 1583 prox’.
473 1499 563 1563 Et
582 1499 919 1564 sciendum
937 1498 1112 1584 quod
1131 1498 1504 1564 willelmus
1527 1499 1774 1565 Gibson
1802 1508 1872 1566 et
1893 1503 2218 1569 Henricus
2242 1505 2478 1571 Alans-

178 1607 339 1651 man
391 1586 656 1651 fuerunt
698 1586 773 1671 pl
917 1521 999 1651 dqe
1049 1585 1354 1669 capcione
1400 1586 1694 1670 praedicti
1740 1590 2091 1673 cotagii—
2106 1590 2476 1675 Margareta

179 1694 353 1738 uxor
402 1606 746 1738 Johannis
831 1673 893 1738 el
949 1673 1167 1757 Brygg
1216 1672 1401 1737 venit
1440 1673 1513 1737 in
1557 1673 1688 1738 cur'
1731 1680 1798 1739 et
1840 1677 2013 1759 cepit
2054 1675 2184 1741 duo
2226 1679 2478 1762 cotagia

179 1780 465 1845 quorum
521 1780 730 1824 unum
779 1760 910 1825 fuit
951 1758 1280 1844 quondam
1318 1759 1449 1823 viri
1490 1760 1596 1824 sui
1638 1767 1707 1825 et
1748 1760 1929 1825 aliud
1974 1762 2104 1825 fuit
2145 1763 2474 1846 quondam

172 1848 353 1932 Agn’
414 1846 844 1924 Ghaundeler,
906 1845 1182 1911 habend'
1241 1849 1309 1910 et
1373 1845 1633 1911 tenend’
1692 1846 1776 1910 ad
1839 1852 2022 1912 term.
2081 1849 2237 1913 vitae
2302 1869 2473 1915 suae.

177 1933 361 1998 redd.
391 1933 729 2016 antiquam
786 1933 1055 1997 firmam.
1101 1970 1130 1983 -
1175 1969 1204 1982 -
1231 1967 1320 1982 —
1348 1931 1453 1997 De
1512 1933 1814 1998 omnibus
1871 1936 2246 2000 tenentibus
2295 1936 2473 2001 villae

177 2040 300 2104 pro
287 2020 534 2184 fiegh’
576 2019 759 2085 fiact’
786 2040 902 2104 per
942 2019 1080 2085 auc'
1112 2018 1193 2083 de
1234 2037 1429 2101 poena
1473 2019 1793 2104 imposita,
1835 2026 2029 2105 prout
2073 2030 2472 2107 compertum

270 2193 716 2258 Woumsroit.
832 2193 937 2258 De
993 2192 1296 2257 omnibus
1340 2192 1716 2258 tenentibus
1764 2193 1942 2259 villae
1997 2215 2113 2279 pro
2170 2196 2472 2282 dampnis

177 2280 381 2345 factis
408 2299 559 2344 cum
588 2279 822 2345 averiis
853 2299 1074 2343 eorum
1102 2284 1296 2363 prout
1325 2285 1726 2364 compertum
1756 2287 1857 2345 est
1883 2282 1956 2345 in
1999 2282 2348 2349 Riakers..
2393 2333 2409 2348 .
2455 2333 2470 2350 .

177 2405 272 2417 —
292 2366 681 2450 Injunctum
709 2372 810 2430 est
837 2365 1137 2430 omnibus
1180 2365 1556 2431 tenentibus
1583 2366 1721 2430 vill’
1764 2368 1996 2452 nequis
2025 2389 2245 2434 eorum
2275 2372 2474 2435 trans’

175 2473 459 2605 {mitis
439 2453 527 2518 to
572 2452 680 2518 vel
724 2452 1049 2537 aliquibus
1099 2452 1247 2517 aliis
1295 2452 1612 2518 ministris
1654 2454 1927 2519 Domini
1975 2456 2047 2519 in
2097 2456 2311 2522 verbis
2363 2456 2472 2522 vel

204 2562 281 2605 8ο

266 2628 586 2692 ΝΕσΤοιι-
587 2626 895 2692 BEULWB.
1001 2625 1106 2691 De
1157 2625 1451 2691 Gilberto
1502 2626 1638 2691 filio
1683 2629 1730 2694 J
1731 2625 2005 2692 ohannis
2056 2634 2123 2694 et
2167 2629 2215 2693 J
2217 2628 2474 2694 ohanna

178 2734 387 2779 uxore
424 2714 566 2797 ejus
595 2714 751 2798 quia
779 2712 991 2777 noluit
1017 2713 1295 2778 vendere
1337 2714 1676 2779 cervisiam
1717 2713 2022 2792 Domino,
2061 2721 2257 2798 prout
2299 2736 2471 2781 com-

326 2821 440 2865 um
471 2805 588 2877 est,
621 2800 723 2865 ed.

179 2805 882 2952 perblBUTON-KE‘HON.
970 2885 1298 2951 Walterus
1331 2886 1641 2971 Bishopp,
1670 2886 1987 2951 Robertus
2015 2885 2217 2970 Wily‚
2245 2887 2465 2952 Ricar-

180 2974 308 3039 dus
368 2972 475 3038 del
524 2973 790 3038 Neuton
840 2978 907 3038 et
949 2971 1200 3038 Alanus
1250 2972 1579 3057 quondam
1623 2972 1923 3037 servient?
1975 2972 2056 3036 de
2102 2973 2284 3036 Kett'
2321 2975 2466 3057 jur’.

179 3093 268 3106 —
289 3061 397 3124 De
437 3059 485 3125 J
487 3060 742 3125 ohanne
794 3059 1068 3144 Sephird
1109 3079 1226 3144 pro
1269 3059 1769 3125 deterioracione
1817 3057 2014 3122 unius
2054 3059 2335 3144 grangiae
2387 3061 2467 3126 de

178 3147 441 3230 dampn'
471 3146 816 3229 adjudicat'
843 3166 959 3230 per
992 3146 1119 3230 jur’
1153 3151 1285 3211 268.
1318 3145 1525 3210 sd„—
1547 3145 1651 3210 De
1678 3145 1810 3210 ten'
1838 3144 2016 3209 vfflae
2046 3166 2164 3230 pro
2206 3147 2463 3233 herbag'

179 3234 289 3298 del
319 3232 631 3318 Cotgarth
674 3233 916 3317 depast'
945 3253 1062 3318 per
1086 3232 1134 3317 ij
1167 3253 1370 3297 annos
1393 3237 1599 3297 aretro
1629 3231 1930 3298 existent’
1959 3238 2152 3316 prout
2181 3253 2465 3319 comper-

179 3326 327 3384 tum
358 3325 474 3397 est,
507 3324 596 3385 4s.

266 3405 515 3472 Aom.
602 3404 973 3471 Willelmus
1016 3405 1242 3483 Pouer,
1285 3404 1480 3490 Hugo
1525 3405 1604 3471 de
1646 3406 1933 3484 Yoilton,
1978 3407 2264 3492 Rogems
2307 3408 2467 3488 Loff,

174 3492 225 3557 J
225 3492 516 3558 ohannes
543 3492 868 3571 Fermour,
889 3493 1031 3575 jur.’
1047 3495 1142 3539 —-'
1160 3492 1645 3557 Incrementuin
1670 3493 1962 3558 redditus
1988 3499 2075 3559 3s.
2162 3496 2210 3560 J
2212 3495 2469 3560 ohanna

178 3599 328 3663 quoe
370 3579 503 3644 fuit
542 3599 710 3644 uxor
738 3580 917 3644 Petri
959 3579 1041 3644 de
1075 3578 1318 3662 Thikly
1345 3579 1531 3643 venit
1571 3578 1680 3644 hic
1721 3580 1791 3643 in
1822 3580 1952 3645 cur’
1982 3585 2050 3644 et
2077 3581 2251 3665 cepit
2293 3590 2467 3647 cota-

176 3667 362 3750 gium
389 3666 626 3730 ultimo
655 3666 727 3729 in
755 3672 986 3730 tenura
1013 3665 1313 3750 praedicti
1342 3665 1555 3730 Petri:
1598 3665 1871 3731 habend'
1901 3672 1970 3731 et
1994 3666 2125 3730 ten'
2155 3666 2238 3730 ad
2281 3672 2463 3732 term.

175 3754 334 3817 vitoe
377 3773 515 3817 suae
557 3756 636 3816 ut
663 3752 745 3818 de
779 3753 927 3836 jure
956 3752 1203 3817 viduae:
1249 3751 1422 3817 redd.
1453 3772 1513 3836 p.
1545 3772 1600 3817 8.
1634 3758 1725 3817 68.
1757 3751 1932 3836 quod
1973 3752 2154 3836 prius
2181 3752 2469 3817 reddidit

181 3844 270 3904 38.
302 3876 331 3889 -
362 3876 391 3889 -
422 3839 512 3903 Ει
540 3838 655 3904 dat
682 3858 797 3923 pro
824 3839 1113 3923 gres'm’a
1140 3838 1285 3905 «iod.
1307 3877 1397 3888 —
1417 3840 1464 3905 J
1467 3838 1752 3903 ohannes
1785 3838 1980 3904 Clerk
2023 3844 2092 3903 et
2119 3838 2469 3905 Custancia

176 3946 346 3991 uxor
387 3927 532 4009 ejus
576 3945 785 4009 nuper
820 3945 1004 4075 1''ux-or
1043 3925 1244 4076 Adaet
1251 3923 1609 4076 Sogiephird
1656 3925 1886 4077 vtepliltae
1882 3926 1956 3989 in
1994 3925 2136 4076 18ιαί
2187 3931 2254 3990 et
2274 3926 2469 4079 bcgpcilt

176 4011 2295 4271 fffffflffiffozzffissmfflffiffl?
2318 4014 2468 4270 ἐξ

173 4279 370 4357 prout
396 4272 578 4338 idem
605 4271 824 4337 Adam
851 4272 1192 4337 reddidit·
1221 4277 1346 4337 -et
1372 4271 1758 4355 praedictum
1786 4273 2109 4357 cotagium
2138 4280 2206 4338 et
2231 4280 2468 4338 terram

175 4361 551 4444 sumptibus
601 4359 739 4424 suis
788 4360 1177 4445 reparabunt
1226 4364 1293 4425 et
1339 4360 1926 4424 manutenebunt-
1978 4360 2145 4423 -Et
2189 4359 2302 4422 dat
2350 4379 2467 4442 pro

171 4446 366 4533 gress’
367 4468 439 4513 ιιι
440 4447 500 4512 ’8
562 4451 653 4513 28.
674 4484 765 4496 -
788 4445 1272 4514 lucrementum
1334 4452 1424 4511 2s.
1535 4444 1812 4511 Thomas
1870 4444 2101 4510 Bolom
2156 4445 2340 4509 venit
2395 4445 2467 4507 in

1296 4549 1336 4596 ιι
