3042 5034
233 514 271 574 l
286 513 427 578 369.
764 524 1082 574 Hannon
1110 524 1475 574 PRIOBA'I'US
1503 524 1988 577 DUNBLMENSIS.
2427 515 2510 577 87

218 682 412 747 tibus
430 682 610 749 villae
637 683 813 768 quod
841 683 1064 748 nullus
1092 702 1311 749 eorum
1332 682 1717 767 permittant
1740 683 1880 768 [sio]
1904 682 2123 768 aliqua
2151 684 2365 749 averia
2393 704 2511 749 sua

222 769 411 834 exire
456 769 620 834 ville
666 771 807 835 sine
852 769 1097 835 hirsin’.
1120 809 1209 821 —
1231 769 1612 853 Injunctum
1654 778 1755 835 est
1796 771 2094 837 omnibus
2136 771 2510 837 tenentibus

218 855 410 920 vinae
452 856 644 921 istius
674 863 742 922 eb
766 856 973 922 villat'
1047 863 1081 891 ·‘
1103 856 1184 921 de
1212 856 1421 941 Fery”
1459 857 1671 921 stmk
1712 858 1994 940 clm-mm,
2022 863 2057 892 “
2079 857 2159 923 de
2203 859 2507 942 Meryng-

222 943 427 1007 tons”
469 943 839 1028 interlimd]
883 964 974 1027 qu
1100 943 1300 1008 cariat
1327 943 1568 1008 molera
1609 943 1772 1008 citra
1813 945 1992 1028 prox'
2035 944 2164 1009 cur’
2194 950 2263 1009 et
2304 945 2509 1010 eciam

224 1029 410 1113 quod
450 1031 731 1114 reparari
778 1030 1021 1095 faciant
1070 1030 1347 1095 molend’
1392 1030 1465 1093 in
1507 1030 1809 1096 omnibus
1859 1030 2302 1115 indigentibus
2347 1032 2510 1096 citra

222 1116 597 1200 proximam
624 1116 886 1182 curiam.
976 1117 1115 1201 [An
1143 1117 1405 1182 ancient
1446 1117 1702 1182 marker
1727 1117 2056 1202 inserted]
2078 1154 2167 1166 —
2188 1118 2508 1183 Robertus

228 1200 497 1286 Paulyn
540 1202 783 1268 electus
813 1209 913 1268 eet
952 1204 1025 1267 in
1053 1204 1473 1288 praepositum
1497 1210 1588 1268 et
1624 1205 1871 1286 juravit
1898 1204 1980 1270 ad
2011 1204 2177 1269 illud
2221 1204 2395 1289 quod
2422 1205 2507 1269 ad

225 1289 665 1373 praepositum.
686 1323 777 1337 —
796 1290 1107 1356 Ricardus
1137 1289 1423 1355 Taillour
1447 1297 1515 1355 et
1544 1291 1819 1355 Thomas
1857 1292 2102 1357 Milner
2130 1292 2322 1356 electi
2352 1296 2507 1357 sunt

226 1381 574 1440 metatores
616 1376 918 1442 cervisiae.
1007 1377 1391 1461 Injunctum
1434 1385 1535 1442 est
1577 1378 1876 1443 omnibus
1914 1377 2288 1444 tenentibus
2332 1377 2508 1463 quod

227 1461 456 1527 nullus
479 1482 698 1527 eorum
716 1463 1005 1528 vendant
1024 1463 1162 1549 [aio]
1187 1464 1526 1529 cervisiam
1546 1470 1776 1548 praeter
1796 1464 2220 1530 Laurencium
2244 1466 2510 1530 Hunter

226 1556 299 1613 et
356 1549 405 1614 J
407 1547 727 1614 ohannem
783 1549 1035 1636 Smyth.
1055 1589 1146 1601 -—
1168 1551 1550 1634 Injunctum
1606 1558 1706 1617 est
1762 1551 2062 1617 omnibus
2135 1552 2508 1618 tenentibus

225 1634 409 1720 quod
433 1635 678 1700 faciant
703 1636 798 1702 les
824 1635 1102 1722 lonyngs
1115 1637 1311 1720 juxta
1338 1636 1793 1722 Bisshoplawe.

319 1722 946 1788 Mm-MRRYNGTON.
1054 1724 1435 1808 Injunctum
1492 1731 1595 1790 est
1650 1724 1891 1789 eisdem
1950 1724 2024 1808 [J
2027 1723 2127 1789 oh.
2179 1724 2267 1788 fil.
2328 1724 2508 1800 Adae,

226 1808 388 1874 Wil.
420 1809 718 1888 Gurrour‚
746 1808 900 1874 Tho.
929 1810 997 1874 N
997 1830 1262 1889 amomi,
1290 1817 1360 1875 et
1387 1812 1542 1896 Rog.
1564 1811 1993 1895 Arousmyth]
2039 1810 2212 1894 quod
2239 1810 2508 1875 videant?

222 1915 439 2047 ff
466 1895 714 1961 thol-ale
740 1896 810 1961 in
842 1903 1157 1980 quantum
1187 1897 1625 1975 deterioratur,
1654 1904 1722 1963 et
1749 1917 1865 1981 per
1891 1917 2085 1981 quem
2114 1904 2185 1963 et
2221 1896 2304 1963 ad
2332 1896 2507 1981 quod

427 2002 601 2048 num.

317 2002 936 2135 Nssuron-Kmon.
1067 2070 1396 2136 Walterus
1455 2069 1768 2155 BishOPP2
1819 2070 2140 2137 Robertus
2188 2070 2391 2156 Wily‚
2435 2076 2506 2134 at

222 2155 547 2220 Ricardus
575 2155 656 2221 de
683 2156 948 2221 Neubon
968 2156 1110 2241 jur'.
1136 2195 1223 2207 —
1242 2158 1346 2223 De
1365 2157 1579 2224 Alicia
1605 2157 1930 2243 quondam
1958 2179 2159 2224 uxore
2178 2158 2227 2224 ,J
2227 2158 2505 2222 ohannis

223 2242 417 2308 Paite
467 2262 582 2326 pro
630 2243 972 2309 merchem.
1079 2243 1459 2328 Injunctum
1511 2249 1613 2310 est
1650 2246 1775 2329 jur’
1822 2245 1998 2330 quod
2039 2245 2374 2329 inquirant
2423 2243 2506 2309 de

223 2329 730 2395 deterioracione
772 2330 902 2395 ten’
947 2330 1008 2414 q'
1058 2330 1291 2395 ultimo
1336 2332 1409 2396 in
1451 2337 1682 2397 tenura
1722 2332 1770 2396 J
1770 2330 2044 2398 ohannis
2087 2333 2271 2397 Paite
2313 2337 2380 2396 et
2423 2331 2505 2395 de

222 2417 532 2481 omnibus
561 2415 707 2481 aliis
743 2415 871 2481 ten’
900 2417 972 2481 in
1001 2423 1320 2501 quantum
1350 2418 1817 2485 deterioranvur
1844 2426 1911 2485 et
1938 2423 2331 2504 praesentant
2362 2417 2500 2503 [sio]

223 2503 315 2568 ad
344 2502 527 2586 prox'
553 2502 675 2566 sub
702 2523 896 2588 poena
923 2503 1008 2567 di’
1036 2524 1281 2570 marcae.

316 2591 563 2653 AcLEY.
650 2590 756 2655 De
782 2589 1114 2655 Willelmo
1142 2591 1432 2656 Randolf
1452 2590 1610 2676 quia
1635 2590 1847 2656 noluit
1867 2591 1994 2675 jur’
2023 2611 2142 2656 nec
2171 2591 2392 2656 sedere
2419 2589 2503 2655 ad

224 2680 627 2760 praeceptum
648 2677 898 2742 terrarii
926 2682 993 2742 et
1019 2677 1420 2756 seneschalli,
1452 2679 1597 2744 40d.
1620 2717 1709 2729 —
1729 2678 1833 2743 De
1853 2679 2048 2743 Anot'
2077 2698 2286 2761 nuper
2306 2697 2504 2742 uxore

225 2763 494 2827 Thomae
550 2762 805 2828 Yoman
861 2784 978 2848 pro
1043 2764 1369 2830 mercheto
1431 2766 1574 2830 12d.
1607 2789 1622 2830 z
1709 2764 2110 2830 condonatur
2167 2763 2268 2828 6d.
2398 2763 2503 2827 De

224 2849 461 2914 eadem
531 2868 648 2932 pro
703 2850 847 2934 leyr
917 2849 1015 2915 δᾶ.
1039 2890 1128 2902 -
1148 2851 1531 2935 Injunctum
1601 2856 1702 2916 est
1758 2851 2056 2914 omnibus
2125 2848 2503 2915 tenentibus

223 2936 409 3000 vinae
436 2935 610 3019 quod
636 2936 903 3001 videant
928 2944 1163 3003 ternam
1192 2938 1452 3004 Ricardi
1482 2937 1563 3003 de
1585 2936 1900 3002 Heworth
1928 2943 1995 3000 et
2022 2940 2271 3020 ponant
2298 2940 2505 3000 certas

226 3029 442 3087 metas
469 3027 537 3086 et
564 3030 770 3088 certas
799 3023 1056 3089 divisas.
1085 3061 1117 3072 -
1145 3061 1172 3074 ·
1202 3024 1292 3089 Et
1319 3024 1493 3110 quod
1520 3024 1788 3088 videant
1824 3027 2271 3107 purpresturas
2300 3021 2504 3086 factas

228 3129 433 3193 super
445 3108 622 3174 viam
638 3110 752 3194 qui
772 3110 911 3196 [εἰσ]
932 3110 1113 3176 ducit
1132 3112 1305 3195 apud
1322 3131 1588 3196 parcum
1607 3115 1673 3175 et
1688 3115 2096 3195 praesentent.
2110 3108 2505 3191 —Comper·

224 3201 379 3260 tum
394 3200 496 3260 est
513 3215 629 3280 per
649 3205 1118 3263 sacramentum
1139 3198 1459 3264 Willelmi
1476 3197 1739 3276 Ussher,
1762 3196 1989 3281 Rogeri
2012 3195 2169 3273 Loff,
2185 3193 2506 3259 Willelmi

228 3282 403 3359 Ibbi,
430 3282 476 3348 J
478 3283 752 3348 ohannis
784 3285 1108 3363 Fermour,
1136 3285 1454 3351 Willelmi
1493 3285 1718 3362 Pouer‚
1748 3283 2017 3350 Roberbi
2058 3284 2139 3349 de
2174 3281 2507 3359 Heworth‚

224 3369 495 3433 Thomae
537 3369 934 3455 Perkynson,
962 3371 1264 3456 Hugonis
1307 3372 1390 3438 de
1418 3371 1740 3449 Rikenall‚
1768 3370 2067 3456 Hugonis
2110 3371 2191 3436 de
2219 3369 2504 3445 Yoilton,

229 3455 557 3521 willelmi
615 3456 850 3522 Oolson
908 3458 971 3542 [“
994 3458 1263 3523 Roberti
1323 3459 1624 3523 Horner'’
1681 3459 1891 3523 smack
1944 3465 2069 3536 out,
2126 3464 2162 3493 “
2182 3458 2229 3524 J
2232 3456 2505 3522 ohannis

229 3542 609 3608 Nouthird”
681 3545 1066 3630 interlinedJ,
1123 3544 1443 3611 Willelmi
1498 3544 1795 3631 Wryght,
1852 3544 2026 3629 quod
2096 3544 2169 3607 in
2227 3543 2505 3607 deffectu

228 3630 515 3696 Gilberti
570 3629 861 3695 Randolf
910 3631 1198 3697 custodis
1247 3631 1425 3716 parci
1470 3631 1552 3697 de
1601 3632 1810 3715 Acley
1859 3631 2131 3695 diversae
2179 3649 2387 3712 vergae
2438 3633 2506 3692 et,

227 3724 446 3782 Stoura
492 3717 817 3801 [=stakee
874 3718 1175 3784 furantur
1203 3724 1271 3783 et
1296 3725 1707 3803 asportanmr
1734 3717 1817 3782 ad
1854 3717 2210 3801 dampnum
2243 3720 2330 3779 23.
2417 3713 2507 3777 Et

226 3803 461 3868 dicunt
488 3803 663 3889 quod
703 3804 775 3868 in
863 3805 1096 3871 effectu
1134 3811 1201 3871 eb
1241 3805 1567 3890 pacientia
1609 3804 1897 3888 ejusdem
1926 3802 2212 3868 custodis
2256 3800 2508 3865 diversa

230 3891 451 3955 averia
469 3890 702 3956 firmar'
723 3890 1190 3958 dominicorum
1214 3891 1455 3977 depast'
1478 3891 1743 3956 fuerunt
1761 3890 2026 3955 herbam
2057 3896 2123 3954 et
2150 3887 2346 3952 viridi
2369 3887 2508 3972 [sio]

229 3977 412 4061 parci
459 3978 755 4063 praedicti
799 3978 882 4043 ad
931 3979 1287 4063 dampnum
1337 3978 1611 4044 Domini
1662 3977 1806 4043 40d.
1915 3976 2005 4040 Et
2055 3975 2284 4040 dicunt
2332 3975 2508 4059 quod

229 4063 531 4148 quaedam
558 4069 808 4130 carecta
851 4064 1098 4130 domini
1142 4065 1408 4131 Roberti
1452 4064 1671 4130 Carles
1699 4063 1923 4130 vicarii
1967 4063 2094 4127 fuit
2136 4067 2396 4128 onerata
2424 4061 2507 4126 de

230 4150 533 4215 fraccinis
555 4147 910 4235 juvem'bus
1091 4151 1438 4236 ipraedicti
1463 4158 1688 4217 contra
1724 4158 1982 4217 noctem
2010 4150 2347 4235 cujusdam
2376 4147 2507 4212 diei

230 4244 302 4301 et.
328 4238 636 4303 transivit
662 4258 870 4323 usque
895 4260 940 4324 p
1043 4259 1186 4304 eam
1205 4245 1500 4306 vocatam
1532 4238 1816 4304 Cristflat
1842 4238 1915 4302 in
1942 4257 2168 4321 campo
2198 4237 2278 4301 de
2299 4234 2509 4317 Acley

230 4329 301 4388 et
328 4325 517 4389 stetit
543 4325 789 4390 ibidem
817 4326 1128 4391 honerata
1152 4346 1268 4410 per
1294 4332 1500 4392 totam
1530 4331 1786 4391 noctem
1814 4333 1880 4392 et
1913 4325 1985 4388 in
2015 4323 2291 4389 crastino
2320 4339 2510 4384 mane

230 4409 363 4475 fnit
403 4410 605 4476 ducta
652 4432 862 4495 usque
911 4413 1319 4498 Derlyngton
1369 4413 1454 4479 ad
1503 4412 1769 4477 domum
1817 4412 2023 4495 ipsius
2071 4408 2299 4474 vicarii
2348 4403 2509 4502 [“.⁸'d

228 4496 592 4586 dampnum
607 4499 882 4565 Domini
902 4500 1038 4566 2³3³
1057 4502 1269 4566 struck
1288 4500 1438 4586 out}
1490 4500 1580 4563 Et
1599 4499 1827 4563 dicunt
1844 4495 2017 4582 quod
2037 4495 2212 4559 idem
2234 4492 2510 4557 vicanus
