3042 5034
184 509 216 567 1
232 507 326 567 37
339 509 400 568 9.
725 518 1044 566 BALMOTA
1089 518 1454 568 ramanus
1496 518 1980 569 Duunmnusoe,
2369 508 2490 568 159

177 698 228 741 v
249 698 306 742 S.
333 716 431 727 —
452 676 556 741 De
586 675 810 741 eadem
841 676 1007 757 Agn.
1038 697 1154 759 pro
1199 677 1370 741 binae
1413 698 1651 742 arrurae
1691 675 1834 765 [sic]
1863 677 2152 762 ejusdem
2180 684 2295 743 ter.
2322 698 2490 780 quas

179 764 384 847 cepit
414 764 497 828 de
524 763 702 828 will.
738 763 1090 848 Capellano
1134 765 1448 847 pertinen.
1481 765 1690 829 Priori
1730 765 1955 829 eadem
1984 765 2066 829 de
2095 786 2290 830 causa
2315 766 2413 849 iiij
2439 787 2488 831 s,

176 852 391 915 will.
418 850 808 935 Capelianus
838 872 896 915 v,
928 858 996 914 et
1024 871 1074 916 c.
1106 850 1360 935 herbag.
1393 852 1572 916 bosci
1601 852 1683 916 de
1706 851 2129 917 Walleshend
2159 873 2199 916 a
2228 852 2392 917 festo
2423 854 2484 917 S.

178 938 422 1002 Marci
467 974 494 986 ·
540 975 565 988 ·
610 938 694 1002 ad
737 944 919 1002 term.
952 938 1041 1020 vij
1090 957 1210 1014 an„
1243 939 1413 1002 redd.
1446 960 1564 1023 pro
1593 939 1804 1003 tribus
1849 939 2076 1023 primis
2107 941 2298 1004 anuis
2327 961 2489 1023 quo-

179 1026 372 1090 libet
404 1045 572 1088 anno
602 1025 788 1107 xxiiij
811 1046 878 1101 s„
900 1032 968 1089 et
998 1044 1114 1107 pro
1144 1026 1237 1108 iiij
1271 1046 1374 1090 an.
1397 1033 1686 1109 sequent.
1719 1027 1875 1109 xxvj
1900 1046 1949 1090 s,
1982 1026 2096 1109 viij
2123 1026 2179 1089 d.
2227 1062 2257 1075 -
2301 1062 2328 1075 -
2403 1027 2491 1090 Et

181 1114 404 1196 praed.
436 1111 616 1177 Will.
647 1113 843 1195 praed.
875 1112 1141 1175 boscum
1171 1113 1566 1176 sustentabit
1606 1114 1679 1176 in
1722 1113 2035 1177 clausuris
2079 1121 2146 1177 et
2189 1113 2491 1177 omnibus

183 1199 355 1263 aliis
389 1206 548 1283 pert.
580 1236 607 1247 -
639 1236 667 1247 -
697 1206 764 1263 et
806 1199 1007 1263 eciam
1046 1199 1313 1263 habebit
1341 1201 1557 1284 virgas
1600 1219 1716 1282 pro
1762 1199 1967 1265 thecis
1998 1205 2065 1264 et
2093 1200 2238 1264 aliis
2268 1220 2489 1265 neces-

184 1287 401 1350 sariis
430 1292 499 1349 et
528 1293 685 1368 pert.
716 1305 833 1369 pro
863 1306 1094 1349 caruca
1123 1306 1253 1349 sua„
1346 1287 1433 1349 Et
1457 1289 1516 1350 si
1546 1286 1782 1370 aliquis
1817 1288 2153 1352 convictus
2184 1286 2380 1351 fuerit
2408 1286 2489 1351 de

185 1383 408 1437 trans.
455 1372 640 1436 facta.
686 1372 930 1436 ibidem
974 1373 1058 1436 ad
1102 1373 1571 1455 querimoniam
1612 1374 1805 1457 praed.
1844 1374 2046 1451 will„
2073 1374 2268 1457 praed.
2308 1373 2486 1439 Will.

185 1459 480 1524 habebit
508 1460 920 1523 medietatem
952 1459 1032 1523 de
1063 1461 1361 1543 proficuis
1392 1467 1559 1544 capt.
1583 1480 1700 1543 pro
1731 1461 1970 1525 eodem.
1989 1500 2078 1511 —
2100 1461 2490 1526 Ordinatum

187 1555 308 1611 est
357 1567 442 1612 ex
495 1567 652 1610 com.
698 1567 964 1610 assensu
1009 1545 1182 1630 quod
1230 1546 1508 1630 quilibet
1551 1567 1774 1611 eorum
1817 1554 2038 1612 teneat
2065 1547 2393 1612 hirsfflum
2423 1555 2492 1613 et

187 1634 416 1698 eciam
447 1634 517 1696 in
548 1633 720 1696 freth
750 1633 1045 1717 ponend.,
1073 1632 1197 1696 sub
1225 1653 1417 1717 poena
1445 1633 1517 1697 xl
1536 1634 1594 1697 d.

291 1722 709 1785 HEWORTHS.
801 1721 962 1784 Dies
990 1719 1182 1784 datus
1212 1728 1313 1784 est
1342 1720 1690 1803 Ranulpho
1719 1721 1799 1785 de
1830 1720 2107 1784 Kitchin
2135 1722 2270 1784 and
2296 1722 2495 1785 others

190 1808 288 1871 ad
319 1807 688 1891 inquirend.
719 1813 788 1871 et
816 1807 1241 1890 praesentand.
1274 1808 1356 1871 ad
1387 1828 1566 1891 prox.
1601 1828 1730 1873 cur.
1760 1807 1816 1871 si
1853 1808 2141 1892 Rogerus
2185 1809 2253 1871 N
2254 1828 2492 1871 euman

190 1894 578 1959 verberavit
627 1894 946 1957 famulum
994 1894 1254 1958 Thomae
1305 1894 1571 1958 Leward
1617 1895 1712 1958 ita
1753 1894 1927 1977 quod
1971 1894 2162 1978 praed.
2208 1894 2491 1959 famulus

193 1982 542 2065 elongavit
569 2002 639 2046 se
675 1982 756 2045 de
786 1981 1056 2045 servicio
1086 1982 1277 2063 praed.
1308 1981 1590 2057 Thomae,
1620 1981 1675 2045 si
1721 1991 1865 2057 etc„
1894 1987 1963 2045 et
1992 1980 2074 2044 ad
2104 2002 2251 2065 quae
2280 1982 2489 2066 damp.

193 2080 349 2145 etc„
380 2069 504 2131 sub
547 2088 742 2151 poena
785 2067 855 2131 xl
878 2068 1442 2151 d.—Injunctum
1495 2076 1597 2132 est
1646 2068 1944 2131 omnibus
1997 2074 2124 2131 ten.
2170 2068 2250 2132 de
2293 2068 2493 2132 Over-

193 2156 506 2219 heworth
535 2163 603 2219 et
634 2156 697 2218 N
700 2154 1173 2219 etherheworth
1203 2154 1378 2239 quod
1408 2154 1609 2219 arrari
1638 2156 1881 2219 faciant
1908 2162 2078 2219 totas
2109 2163 2312 2219 terras
2342 2176 2493 2221 suas

195 2243 447 2326 pertin.
492 2242 742 2305 tenuris
786 2263 1025 2319 eorum,
1055 2243 1177 2306 sub
1221 2262 1414 2325 poena
1457 2263 1502 2305 x
1525 2263 1572 2306 s.
1605 2241 1887 2306 solvend.
1934 2244 2374 2306 etc—PLEG.
2406 2260 2495 2307 DE

197 2346 392 2393 PACE.
483 2329 760 2393 Thomas
791 2329 1057 2393 Leward
1092 2330 1348 2392 invenit
1375 2328 1538 2412 pleg.
1572 2329 1653 2393 de
1688 2350 1845 2412 pace
1875 2349 2098 2393 versus
2128 2330 2282 2413 Rog.
2314 2330 2382 2394 N
2383 2351 2494 2395 eu-

195 2438 384 2493 man,
432 2416 586 2498 Rog.
616 2416 894 2480 Tomson
940 2423 1007 2480 et
1050 2417 1096 2481 J
1100 2416 1198 2481 oh.
1233 2415 1532 2500 Godwyn
1576 2416 1657 2481 de
1699 2437 1892 2499 poena
1935 2438 2027 2480 xx
2047 2417 2118 2482 li.
2206 2419 2293 2481 Et
2336 2418 2491 2503 Rog.

196 2502 274 2567 N
276 2524 513 2568 euman
560 2503 816 2567 invenit
858 2502 1021 2586 pleg.
1054 2503 1133 2567 de
1176 2523 1334 2586 pace
1377 2524 1600 2568 versus
1646 2504 1956 2567 Thomam
2002 2504 2286 2582 Leward,
2330 2505 2492 2569 Will

198 2591 317 2655 del
348 2590 646 2666 Kitchin‚
676 2596 743 2654 et
772 2591 935 2654 Hen.
969 2590 1253 2667 Bulmer,
1282 2590 1362 2654 de
1392 2591 1615 2654 eadem
1647 2610 1857 2674 poena,
1887 2612 1977 2654 xx
2006 2590 2071 2654 li.

298 2678 667 2741 HssleDEN.
780 2677 1111 2742 Gilbertus
1161 2677 1248 2740 fil.
1301 2676 1482 2742 WilL
1539 2679 1822 2743 Curi-our
1872 2678 2046 2761 cepit
2087 2678 2115 2760 j
2165 2676 2358 2743 bond.
2412 2699 2494 2742 ex

198 2772 396 2850 parte
428 2764 654 2828 boriali
683 2763 858 2827 villae
888 2764 971 2828 ad
1000 2772 1181 2827 term.
1222 2763 1379 2827 vitae
1421 2785 1573 2841 suae,
1605 2763 1778 2827 redd.
1825 2784 1939 2847 pro
1969 2764 2196 2845 primis
2242 2765 2495 2829 duobus

197 2852 402 2918 annis
432 2851 724 2935 quolibet
767 2871 937 2914 anno
981 2872 1072 2914 xx
1094 2872 1161 2928 s„
1191 2857 1257 2915 et
1288 2858 1509 2933 postea
1553 2849 1846 2933 quolibet
1874 2870 1976 2913 an.
2012 2851 2167 2932 xxvj
2194 2871 2241 2913 s.
2274 2851 2388 2933 viij
2415 2852 2496 2928 d.,

198 2947 278 3004 et
300 2959 429 3021 arg.
452 2946 597 3002 terr.
621 2974 648 2985 -
677 2975 706 2984 -
731 2945 814 3013 et,
837 2939 894 3001 si
916 2938 1333 3002 seminaverit
1349 2937 1471 3001 hoc
1493 2957 1665 3000 anno
1688 2936 1949 3019 aliquod
1972 2956 2191 3000 semen
2213 2937 2495 3015 vernale,

198 3026 423 3091 solvet
469 3045 584 3107 per
633 3046 849 3088 acram
899 3032 1090 3108 prout
1141 3024 1422 3088 valuerit
1470 3024 1828 3087 secundum
1872 3024 2316 3105 juramentum
2367 3024 2495 3087 fide

201 3114 573 3195 dignorum,
595 3119 663 3175 et
689 3112 933 3195 recepit
956 3112 1018 3195 vj
1045 3132 1134 3175 ac.
1162 3118 1230 3175 et
1257 3111 1340 3174 di.
1365 3111 1659 3174 seminat.
1684 3130 1833 3173 cum
1854 3109 2180 3173 frumento
2203 3109 2496 3174 nondum

200 3199 577 3283 appreciat„
596 3207 661 3262 et
689 3199 735 3280 ij
773 3199 964 3263 boves
986 3219 1154 3281 prec.
1179 3218 1315 3280 cap.
1338 3199 1430 3280 xij
1458 3218 1527 3274 s.,
1549 3196 1832 3261 solvend.
1859 3196 1941 3260 ad
1964 3196 2213 3261 volunt.
2239 3198 2494 3263 Prioris.

201 3322 300 3335 —
326 3286 744 3367 Compertum
778 3292 877 3349 est
909 3307 1024 3369 per
1067 3286 1300 3369 inquis.
1332 3285 1506 3367 quod
1554 3285 1640 3349 Is.
1687 3305 1833 3368 quae
1876 3284 2005 3347 fuit
2046 3304 2212 3348 uxor
2241 3286 2376 3350 Ric.
2406 3285 2495 3351 fil.

203 3372 413 3436 Walt.
443 3372 696 3436 dimisit
736 3372 886 3456 plus
930 3373 1011 3436 de
1056 3392 1250 3437 artur.
1281 3379 1398 3436 ter.
1429 3392 1564 3436 suae
1607 3393 1803 3455 quam
1845 3371 2103 3436 invenit
2144 3392 2260 3455 per
2289 3373 2353 3456 vj
2402 3393 2495 3437 ac.

205 3479 364 3543 quae
411 3459 678 3522 fuerunt
705 3459 875 3523 binae
919 3480 1171 3535 arrurae,
1210 3479 1376 3542 prec.
1415 3459 1764 3542 cujuslibet
1802 3479 2039 3523 arrurae
2086 3460 2176 3544 xij
2204 3460 2283 3539 d.‚
2323 3460 2498 3525 unde

205 3566 472 3611 summa
530 3546 619 3629 xij
646 3567 696 3610 s.
744 3584 771 3595 -
822 3583 852 3596 -
899 3545 1398 3610 Memorandum
1449 3546 1623 3629 quod
1671 3553 1981 3611 arrestata
2027 3558 2127 3611 est
2176 3546 2258 3610 de
2310 3547 2497 3612 bonis

206 3633 460 3697 relictae
534 3633 668 3697 Ric.
728 3633 814 3697 fil.
868 3632 1067 3697 Walt.
1140 3654 1256 3716 pro
1316 3634 1361 3715 ij
1425 3643 1634 3717 quart.
1701 3633 1782 3697 de
1847 3632 2195 3697 avermalts
2261 3633 2498 3698 debitis

205 3720 511 3804 granario
553 3719 860 3784 Dunelm.
882 3721 910 3803 j
945 3720 1288 3803 plumbum
1332 3740 1498 3803 prec.
1531 3720 1616 3785 di.
1647 3740 1895 3796 marcae,
1917 3720 1944 3803 j
1979 3720 2109 3784 olla
2151 3741 2317 3804 prec.
2349 3720 2419 3804 iij
2448 3741 2495 3786 s·

206 3806 453 3871 Piscar'
515 3807 618 3891 [in
688 3805 1001 3893 mam-qino]
1061 3808 1283 3871 Simon
1337 3808 1383 3872 J
1386 3806 1596 3870 ardolf
1667 3807 1748 3871 de
1808 3807 1854 3871 J
1857 3826 2030 3870 arow
2088 3807 2263 3906 cepit
2334 3806 2496 3873 duas

206 3895 441 3978 piscar.
471 3899 672 3957 vocat.
706 3895 1044 3978 Smidyare
1073 3903 1142 3958 et
1170 3893 1563 3977 Holmsyare
1590 3893 1672 3957 de
1700 3893 1990 3977 piscariis
2019 3892 2135 3958 ult.
2165 3894 2238 3956 in
2266 3901 2500 3960 tenura

207 3980 412 4044 Walt.
445 3980 526 4045 de
558 3981 924 4046 Hesilden·
950 3981 1176 4046 -.redd
1208 4001 1270 4065 p.
1304 4002 1356 4045 a.
1388 3982 1483 4065 iiij
1517 4001 1765 4045 marcas
1794 3987 2033 4064 argent.
2121 3981 2211 4045 Et
2252 3982 2310 4046 si
2353 4004 2499 4048 con-

207 4069 430 4151 tingat
471 4068 646 4152 quod
696 4068 983 4152 aliquem
1033 4067 1174 4155 [sic]
1223 4068 1441 4132 venire
1484 4067 1763 4132 voluerit
1814 4068 2006 4152 praed.
2052 4068 2359 4151 piscarias
2404 4073 2498 4135 in·

212 4164 448 4239 tegras,
477 4156 647 4219 sicut
675 4156 867 4238 praed.
901 4156 1095 4220 Walt.
1129 4155 1309 4239 prius
1353 4155 1587 4232 tenuit,
1617 4154 1829 4219 dictus
1861 4155 2084 4220 Simon
2114 4157 2239 4221 erit
2266 4158 2496 4237 sociuS,

212 4244 270 4306 si
281 4208 601 4318 ‘’volueriu
632 4243 702 4305 in
733 4243 1050 4343 capcione
1064 4242 1255 4326 praed.
1347 4242 1450 4318 Et,
1474 4243 1532 4305 si
1562 4242 1784 4307 nullus
1815 4243 2083 4320 venerit,
2113 4250 2272 4309 tunc
2302 4245 2493 4329 praed.

213 4330 441 4395 Simon
470 4330 738 4394 habebit
781 4330 1022 4412 praed.
1003 4331 1050 4413 1j
1085 4330 1307 4413 piscar.
1341 4329 1640 4413 integias,
1667 4330 1837 4393 redd.
1870 4350 1985 4413 pro
2015 4331 2296 4394 secundo
2326 4353 2497 4395 anno

213 4417 388 4482 sicut
434 4416 723 4481 reddidit
765 4437 881 4498 pro
928 4418 1134 4500 primo
1165 4437 1350 4481 anno.
1383 4416 1555 4499 Pleg.
1586 4416 1734 4481 Joh.
1768 4415 1876 4479 del
1906 4416 2180 4499 Fellyng
2219 4425 2285 4480 et
2313 4417 2495 4481 Will.

214 4504 581 4591 Maymond
623 4503 705 4568 de
750 4504 1140 4588 WyvestOW.
1231 4505 1318 4567 Et
1347 4502 1582 4567 sciend.
1617 4502 1789 4585 quod
1835 4502 2026 4585 praed.
2058 4503 2300 4579 Simon,
2344 4503 2392 4566 J
2393 4503 2496 4566 oh.
