3042 5034
560 489 641 548 96
1039 497 1354 548 HALMOTA
1383 497 1747 547 PRIORATUS
1778 497 2254 547 DUNELMENSIS.
2659 489 2690 548 l
2703 490 2744 547 3
2756 488 2865 551 70.

550 658 657 722 381
700 655 795 723 313
839 656 1151 723 dimittet.
1173 690 1264 703 —
1284 656 1615 722 Dimissio.
1703 654 2025 721 Ricardus
2073 654 2185 722 del
2232 655 2503 722 Neuton
2542 657 2739 723 venit
2781 665 2866 724 et

550 744 728 829 oepit
770 764 978 809 unum
1020 748 1468 809 tenementum
1495 744 1671 828 quod
1713 743 2062 844 praedictus
2090 743 2410 809 Robertus
2451 744 2619 809 Wili
2657 745 2859 829 prius

548 831 802 896 1388111
853 831 1128 896 habend.
1174 836 1244 895 et
1283 836 1416 896 ten.
1460 831 1546 895 ad
1588 836 1776 896 term.
1818 830 1976 894 vitae
2017 850 2190 895 38331
2237 829 2414 896 redd.
2456 851 2521 915 p.
2549 851 2607 896 a.
2645 840 2857 915 prout

550 917 900 1002 praedictus
931 918 1248 983 Robertus
1292 918 1473 1001 prius
1502 916 1754 983 tenuit:
1809 916 2178 1000 incipiendo
2206 916 2453 982 solvere
2482 917 2569 982 ad
2597 919 2854 983 festum

553 1007 737 1070 Pent.
790 1025 969 1089 prox.
1022 1004 1334 1068 futurum.
1451 1002 1627 1088 Pleg.
1675 1004 1756 1068 de
1805 1003 1967 1068 firm.
2020 1009 2089 1068 et
2135 1003 2437 1069 omnibus
2496 1004 2646 1069 aliis
2692 1025 2851 1089 388

550 1092 945 1156 incumbunt
971 1090 1302 1156 Walterus
1347 1089 1678 1173 Bischopp
1721 1095 1788 1154 et
1815 1089 2191 1155 willelmus
2234 1090 2472 1155 Fuller.
2558 1090 2651 1155 Et
2676 1111 2849 1174 prae-

551 1179 768 1242 dietus
819 1177 1134 1242 Ricardus
1180 1177 1255 1240 in
1309 1175 1662 1241 sufficienti
1720 1181 1899 1241 statu
1947 1176 2329 1260 praedictum
2387 1184 2846 1243 tenementum

550 1264 807 1329 invenit
834 1268 902 1328 et
930 1264 1027 1327 313
1057 1262 1360 1327 dimittet.
1448 1263 1539 1327 Et
1562 1261 1913 1346 praedictus
1942 1263 2259 1328 Ricardus
2287 1264 2549 1328 invenit
2567 1266 2636 1348 83
2662 1284 2846 1331 83183

549 1350 747 1415 88183
771 1369 1009 1414 811818
1034 1348 1211 1414 unde
1238 1369 1372 1413 8118
1399 1368 1549 1414 8318
1568 1350 1830 1413 fimatur
1851 1369 2012 1433 quas
2034 1349 2130 1414 sie
2152 1349 2456 1416 dimittet.
2532 1351 2846 1417 Gres’m’a

549 1437 639 1503 di.
668 1456 935 1516 mareae3
976 1435 1376 1501 condonatur
1400 1455 1518 1520 per
1544 1436 1903 1501 terrarium.

637 1522 1387 1606 Aom.1njunetum
1437 1527 1540 1587 est
1589 1523 1889 1587 firmariis
1939 1522 2216 1588 manerii
2271 1523 2447 1606 quod
2506 1524 2862 1591 emendari

548 1610 794 1675 faciant
820 1609 1062 1687 domos,
1089 1608 1444 1674 videlicet
1423 1630 1497 1674 1n
1541 1609 1847 1675 meremio
1877 1614 1947 1674 et
1972 1614 2476 1693 coopertura—
2498 1611 2844 1679 «1011881133

548 1698 859 1762 Fermour
875 1698 1061 1761 venit
1089 1702 1155 1760 et
1182 1696 1354 1780 oepit
1384 1716 1592 1759 88818
1621 1696 2023 1780 mesuagium
2050 1703 2120 1760 et
2145 1717 2238 1759 xx
2265 1716 2444 1762 83183
2472 1703 2666 1763 terras
2691 1719 2843 1783 3118

548 1783 861 1849 fuerunt
840 1804 913 1847 18
940 1790 1173 1848 138818
1201 1781 1466 1848 Ricardi
1494 1783 1577 1847 de
1607 1782 1960 1847 Heworth:
1986 1781 2262 1847 habend.
2291 1788 2361 1848 et
2385 1787 2517 1849 ten.
2540 1785 2627 1849 ad
2654 1792 2844 1853 term.

549 1871 706 1935 vitae
735 1890 903 1936 38331
953 1869 1130 1936 redd.
1159 1890 1220 1954 p.
1251 1889 1306 1935 8.
1336 1875 1533 1953 prout
1559 1869 1909 1953 praedictus
1941 1869 2257 1934 Ricardus
2299 1869 2481 1952 prius
2509 1871 2843 1938 reddidit.

550 1956 920 2041 incipiendo
950 1956 1197 2022 solvere
1228 1955 1311 2020 ad
1339 1956 1581 2020 festum
1611 1955 1794 2021 Pent.
1818 1975 1991 2020 anno
2019 1956 2496 2041 septuagesimo
2524 1958 2738 2042 primo
2762 1997 2793 2008 -
2811 1997 2847 2009 -

551 2043 934 2127 Injunetum
973 2048 1077 2108 est
1118 2042 1418 2107 omnibus
1452 2042 1828 2107 tenentibus
1857 2042 2033 2106 81118
2078 2042 2254 2126 380(1
2289 2041 2570 2126 quilibet
2614 2066 2844 2111 eorum

548 2133 859 2214 proestant
900 2128 1046 2193 leot’
1076 2130 1337 2193 13113110
1382 2128 1520 2213 [sic]
1567 2135 1636 2194 et
1673 2129 1974 2194 bursario.
1992 2167 2084 2179 —
2098 2128 2203 2193 De
2247 2129 2440 2194 Petro
2484 2130 2700 2197 Snart’
2736 2133 2842 2234 [qr

552 2214 787 2298 Suart]
820 2216 976 2299 3818
1004 2235 1138 2279 808
1165 2215 1350 2281 venit
1373 2215 1462 2280 ad
1491 2215 1737 2280 curiam
1764 2216 1863 2280 ed.
1886 2252 1976 2263 —
1993 2215 2378 2300 Injunctum
2406 2222 2508 2281 est
2525 2218 2844 2301 juratori-

550 2301 674 2366 bus
725 2301 900 2384 311οᾶ
942 2302 1212 2370 videant
1254 2307 1561 2387 stagnum
1601 2301 1962 2367 molendini
2004 2308 2073 2367 et
2113 2308 2511 2386 praesentant
2557 2305 2700 2390 [sic]
2752 2306 2845 2372 ad

549 2407 729 2471 prox.
773 2388 846 2450 in
888 2395 1208 2471 quantum
1251 2388 1674 2454 deterioratur
1712 2408 1830 2473 per
1870 2389 2276 2474 fugacionem
2318 2390 2722 2457 animalium.
2746 2430 2845 2443 —

554 2475 936 2557 Injunotum
965 2482 1067 2539 est
1095 2474 1396 2540 omnibus
1424 2475 1800 2541 tenentibus
1827 2475 2005 2541 81118
2033 2475 2264 2560 nequis
2293 2496 2514 2541 eorum
2542 2483 2662 2542 aut
2704 2499 2840 2545 ser-

550 2562 750 2625 81381.
780 2581 1043 2626 3801818
1071 2562 1253 2647 fugat
1278 2562 1415 2647 [sio]
1448 2563 1665 2627 averia
1686 2582 1805 2627 388
1824 2562 1998 2627 ultra
2025 2568 2328 2647 stagnum
2348 2563 2725 2632 molendini.
2745 2602 2841 2616 —

553 2648 657 2712 De
685 2647 876 2713 Petro
907 2648 1115 2713 Snart’
1147 2648 1245 2734 [or
1274 2650 1494 2750 88811]
1526 2648 1996 2714 molendinario
2030 2669 2146 2733 pro
2182 2650 2212 2734 j
2244 2669 2423 2715 3833.-
2436 2657 2505 2716 31
2524 2651 2554 2734 3
2601 2651 2736 2716 bz
2706 2673 2734 2736 J
2765 2653 2840 2738 p

548 2735 861 2800 frumenti
880 2736 1083 2821 precii
1115 2735 1330 2801 23.4(1.
1359 2735 1432 2800 18
1453 2735 1775 2801 deffectu
1754 2737 1962 2820 ipsius
1984 2736 2163 2801 Petri
2191 2736 2421 2801 furatis
2448 2737 2532 2803 de
2553 2737 2840 2805 molend.

544 2827 742 2907 prout
783 2829 1184 2908 compertum
1227 2827 1328 2888 est
1368 2842 1487 2906 per
1529 2822 1675 2906 381.
1716 2822 1891 2888 88ᾶ3
1942 2822 2255 2889 medietas
2299 2822 2714 2903 relaxabitur,
2757 2846 2838 2890 eo

546 2910 722 2994 quod
748 2910 1024 2993 parietes
1054 2910 1256 2996 [mor
1265 2910 1464 2995 for“
1485 2909 1731 2994 portae”
1747 2909 1801 2994 ἓ]
1830 2908 2128 2993 praedieti
2167 2909 2528 2975 molendini
2560 2910 2836 2978 fuerunt

547 3002 803 3081 apertae,
852 2998 998 3099 ipso
1049 2997 1384 3062 Willelmo
1426 2995 1638 3061 Pouer
1682 2996 1826 3081 [not
1872 2997 2093 3061 before
2142 2996 2519 3062 mentioned
2568 2998 2646 3062 in
2697 2998 2837 3065 this

547 3084 765 3169 entry]
811 3084 1055 3149 3313813
1101 3084 1201 3150 sd.
1222 3122 1308 3133 —
1329 3083 1653 3148 Robertus
1704 3082 1966 3147 Homer
2013 3081 2095 3149 de
2137 3082 2353 3148 Aeliff.
2405 3083 2582 3168 oepit
2625 3106 2838 3151 unum

545 3172 948 3254 eotagiumq
949 3171 1079 3235 uod
1122 3171 1170 3237 J
1172 3170 1459 3234 ohannes
1490 3168 1813 3235 Stoutlok’
1843 3169 2025 3253 prius
2063 3169 2281 3234 tenuit
2308 3176 2377 3235 et
2403 3190 2664 3235 sursum
2692 3173 2840 3238 red-

544 3256 750 3320 didit.
800 3257 1073 3322 habend.
1104 3264 1172 3321 et
1198 3255 1455 3321 tenend.
1486 3256 1570 3320 ad
1598 3261 1780 3321 term.
1810 3255 1967 3321 8118
2017 3275 2188 3321 38331
2228 3256 2404 3322 redd.
2435 3264 2632 3341 prout
2657 3259 2836 3324 idem

543 3342 590 3408 J
592 3342 879 3407 ohannes
908 3342 1225 3407 reddidit:
1266 3342 1639 3426 incipiendo
1690 3341 1939 3407 solvere
1985 3342 2069 3407 ad
2117 3344 2361 3408 festum
2408 3343 2601 3410 Mart.
2651 3365 2832 3429 prox.
2907 3378 2917 3388 -

541 3429 856 3493 futurum.
946 3428 1176 3513 Pleg.-
1206 3428 1445 3493 Ge-rs'
1447 3450 1516 3493 m
1516 3429 1574 3493 'a
1619 3435 1708 3495 2s.
1795 3429 1884 3494 Et
1911 3428 2249 3495 sciendum
2276 3430 2451 3515 quod
2477 3431 2831 3515 praedietus

544 3515 863 3580 Robertus
905 3514 1176 3581 habebit
1217 3514 1298 3579 de
1339 3515 1387 3579 J
1388 3515 1645 3581 ohanne
1698 3514 2017 3580 Stoutlok'
2062 3536 2179 3600 pro
2231 3516 2491 3602 dampn'
2534 3519 2834 3603 praedieti

540 3602 779 3688 eotagii
812 3608 901 3669 63.
935 3603 1036 3669 8d.
1067 3607 1134 3668 et
1162 3600 1502 3667 dimittet
1482 3622 1554 3665 18
1582 3600 1935 3667 sufficienti
1961 3607 2154 3667 statu.

633 3689 1580 3773 BILLYNGHAM.Injunetu1n
1632 3693 1733 3753 est
1776 3695 1854 3753 ut
1895 3688 1968 3752 18
2011 3690 2248 3754 ultima
2298 3688 2479 3754 38118
2528 3691 2834 3757 omnibns

544 3779 922 3845 tenentibus
965 3778 1142 3844 81118
1183 3775 1359 3861 38οᾶ
1410 3774 1693 3860 reparari
1734 3775 1980 3840 faciant
2021 3775 2086 3840 13
2126 3774 2539 3842 Wethereot'.
2628 3777 2836 3862 [Vide

550 3868 674 3930 137
680 3871 739 3942 0
769 3865 850 3950 1.]
876 3904 965 3916 —
984 3866 1032 3932 J
1032 3865 1319 3930 ohannes
1348 3862 1628 3927 Tomson
1657 3863 1845 3927 venit
1873 3868 1940 3927 et
1968 3862 2145 3948 oepit
2166 3862 2194 3946 j
2227 3863 2553 3947 eotagium
2595 3864 2833 3929 ultimo

543 3950 619 4013 18
667 3957 901 4015 138818
950 3949 1209 4017 Matild'
1254 3949 1431 4026 Bars,
1477 3947 1754 4013 habend’
1800 3953 1869 4014 et
1919 3950 2051 4013 ten’
2095 3948 2178 4012 ad
2227 3953 2412 4014 term.
2454 3949 2614 4014 8118
2657 3970 2829 4016 3881

542 4035 717 4101 redd.
766 4038 1104 4121 antiquam
1145 4037 1401 4100 firmam
1443 4040 1511 4100 et
1554 4035 1982 4120 33ι·813’[3ο]1
2033 4035 2404 4120 incipiendo
2447 4036 2700 4102 solvere
2746 4038 2830 4102 ad

536 4121 784 4187 festum
830 4122 892 4188 S.
924 4123 1201 4188 Martini
1242 4141 1422 4206 prox.
1452 4122 1785 4186 futurum:
1829 4121 2003 4206 Pleg.
2033 4122 2081 4186 J
2082 4122 2369 4187 ohannes
2410 4122 2588 4187 filius
2622 4122 2828 4188 Alex-

541 4208 765 4274 andri:
808 4208 988 4274 Gres'
990 4210 1073 4272 m’
1078 4230 1116 4274 8
1160 4208 1262 4273 6d.
1349 4209 1439 4273 Et
1465 4207 1814 4293 praedietus
1842 4208 1890 4274 J
1891 4208 2180 4274 ohannes
2225 4208 2609 4292 praedictum
2654 4217 2828 4276 eota-

538 4296 718 4398 gium
762 4295 835 4359 in
879 4294 1229 4361 sufficienti
1272 4299 1450 4360 statu
1477 4295 1770 4360 dimittet
1797 4295 1955 4378 3818
1997 4295 2173 4379 oepit
2207 4300 2339 4360 103.
2372 4315 2490 4379 pro
2520 4297 2827 4362 emenda-

540 4384 725 4448 31083
767 4382 1060 4466 praedicti
1101 4382 1465 4481 3318311-
1480 4380 1757 4445 Thomas
1802 4382 2059 4465 Conper
2084 4382 2272 4446 venit
2300 4388 2369 4447 et
2411 4382 2587 4465 cepit
2614 4404 2825 4449 unum

541 4468 865 4552 3018318111
886 4467 1161 4532 ultimo
1142 4487 1213 4530 18
1241 4472 1473 4531 tenura
1492 4466 1812 4531 willelmi
1836 4466 2598 4533 Β180111318οᾶ11181138ᾶ.
2627 4468 2827 4557 [ete.J.
