3042 5034
238 503 271 561 1
286 502 324 560 :3
335 502 369 562 7
381 503 436 560 4.
773 511 1090 559 HALMOTA
1121 510 1486 558 PRIORATUS
1517 510 1997 560 DUNELMENffls.
2397 499 2424 556 1
2440 495 2518 556 25

227 670 346 755 pd.
378 669 674 754 pomerii,
702 674 770 734 et
796 668 1044 733 radices
1072 673 1367 733 veterum
1394 667 1696 732 arborum
1724 674 2011 752 tempore
2040 667 2262 733 debito
2291 687 2521 733 evacu-

230 758 384 822 abit
410 764 480 822 et
520 756 968 841 plantaciones
1010 755 1310 820 arborum
1351 775 1693 839 pomorum
1737 761 1804 819 et
1846 756 2134 839 pirorum
2175 754 2520 839 plantabit.

235 881 265 892 -
301 881 327 892 -
361 844 668 909 Gres’m'a
720 849 886 908 20s.:
941 843 1342 907 condonatur
1399 862 1515 926 per
1574 843 1860 907 Priorem
1912 842 1995 906 ad
2045 842 2520 926 reparacionem

235 930 516 1015 gardini.
539 967 622 977 —-
647 930 750 994 De
792 929 840 994 J
841 930 1094 993 ohanne
1138 929 1318 993 Ades
1360 947 1478 1011 pro
1520 930 2026 1013 transgressione
2055 929 2231 994 facta
2259 928 2522 993 domino

237 1038 382 1082 non
425 1016 729 1082 cariando
774 1016 1087 1081 victualia
1131 1016 1380 1079 domini
1420 1021 1617 1099 prout
1662 1017 2033 1101 injunctum
2081 1017 2212 1081 fuit
2255 1015 2398 1093 sibi,
2441 1015 2524 1079 de

243 1103 705 1179 misericordia,
736 1103 881 1168 40d.

335 1190 948 1254 ΝΕσΤοΝ-ΚΕΤΤΟΝ.
1016 1188 1345 1254 Walterus
1362 1187 1710 1273 Bischopp‚
1731 1188 2043 1255 Ricardus
2067 1190 2149 1254 de
2170 1189 2238 1253 N
2238 1195 2434 1254 euton
2457 1193 2525 1251 et

241 1277 583 1341 Walterus
627 1275 928 1340 Mustard
964 1277 1110 1358 jur’.
1136 1310 1224 1321 —
1247 1275 1630 1358 Injunctum
1674 1281 1775 1339 est
1810 1276 1937 1359 jur’
1972 1276 2147 1360 quod
2190 1276 2525 1360 inquirant

243 1384 370 1448 per
397 1369 717 1446 quantum
745 1363 875 1427 ten’
905 1361 1226 1426 Willelmi
1255 1362 1451 1426 Fuler
1480 1368 1699 1444 potest
1725 1365 2006 1446 reparari
2036 1371 2104 1428 et
2131 1369 2524 1447 praesentant

251 1450 399 1534 [sic]
435 1450 519 1514 ad
547 1449 723 1533 prox'
755 1450 878 1514 sub
921 1468 1115 1532 poena
1158 1448 1244 1512 di
1275 1449 1535 1514 markae.
1620 1449 1994 1514 Willelmus
2032 1450 2231 1515 Fuler
2268 1452 2528 1535 juratur

244 1540 462 1602 facere
503 1556 621 1620 pro
663 1540 1037 1601 tenemento
1080 1555 1199 1599 suo
1241 1534 1416 1618 quod
1458 1536 1636 1620 cepit
1678 1536 1854 1619 quod
1894 1542 2155 1601 tenetur
2195 1538 2405 1602 facere
2450 1536 2529 1600 de

281 1644 412 1689 ure.

241 1646 274 1709 ³
343 1710 585 1775 AGLEY.
657 1709 762 1772 De
783 1709 828 1773 J
830 1708 1058 1773 uliana
1077 1707 1270 1786 Abot,
1291 1709 1339 1773 J
1340 1707 1563 1772 uliana
1584 1708 1824 1772 ancilla
1852 1709 1897 1773 J
1901 1708 2178 1774 ohannis
2199 1709 2531 1784 Tailliour,

251 1798 492 1861 Emma
562 1795 643 1860 de
700 1795 962 1878 Wadly,
1022 1794 1269 1861 Cecilia
1340 1795 1582 1859 ancilla
1656 1795 1923 1860 Roberti
1986 1795 2358 1874 Ghanceler,
2416 1815 2531 1880 pro

253 1885 318 1949 le
403 1934 417 1960 ‚
452 1888 539 1948 28.

318 1904 621 2033 yElls‘r-M’.
712 1968 1094 2051 Injunctum
1152 1974 1258 2033 est
1316 1967 1620 2033 omnibus
1680 1974 1811 2033 ten.
1862 1968 2056 2032 istius
2113 1968 2292 2033 villae
2347 1969 2536 2053 Fery‚

255 2056 590 2134 West-M’,
624 2062 692 2121 et
719 2055 1008 2133 Mid-M2
1039 2054 1213 2139 quod
1241 2055 1465 2120 nullus
1509 2075 1731 2120 eorum
1761 2061 2027 2121 teneant
2057 2055 2195 2141 [sic]
2228 2057 2534 2122 Neufairs

257 2143 387 2209 sub
414 2163 607 2227 poena
635 2142 722 2207 di.
753 2142 1012 2207 markae.

349 2230 849 2294 EST-Rumon,
942 2228 1142 2312 [Four
1182 2229 1317 2293 free
1359 2228 1695 2293 tenancies
1737 2230 2096 2314 presented,
2138 2230 2355 2296 which
2397 2250 2535 2295 owe

255 2317 534 2400 homage
551 2315 681 2380 and
703 2316 924 2399 fealty.
993 2315 1283 2379 Distress
1308 2315 1589 2380 ordered.
1658 2316 1981 2381 Robertus
2004 2316 2084 2383 de
2108 2317 2537 2403 Coldingham

259 2404 417 2486 (one
460 2404 532 2468 of
568 2402 775 2487 them)
806 2402 995 2468 made
1037 2400 1308 2485 homage
1353 2402 1481 2466 and
1526 2401 1731 2486 fealty
1756 2409 1826 2468 to
1871 2404 1944 2470 R.
1979 2404 2058 2469 de
2088 2404 2537 2483 Walleworth‚

259 2490 451 2554 Prior
497 2490 570 2555 of
609 2490 778 2567 Dm„
824 2490 895 2553 in
938 2509 977 2553 a
1023 2494 1209 2552 court
1253 2488 1407 2553 held
1450 2498 1520 2553 at
1567 2490 2204 2576 North-Pittyngton
2253 2498 2332 2555 22
2387 2491 2539 2557 Feb.

267 2581 457 2641 1374.
545 2575 1045 2640 Memorandum
1090 2576 1164 2639 of
1203 2575 1338 2639 this
1383 2595 1543 2640 runs
1594 2596 1699 2652 on,
1744 2578 1818 2641 in
1868 2580 1981 2643 the
2026 2598 2201 2643 same
2246 2579 2423 2643 hand
2468 2598 2540 2643 as

258 2664 415 2727 that
443 2663 517 2727 of
540 2662 651 2727 the
681 2662 913 2746 orden]
935 2701 1022 2711 —
1042 2663 1204 2727 Dies
1237 2661 1427 2726 datus
1472 2668 1572 2726 est
1600 2663 1862 2728 Thomae
1905 2665 2040 2729 filio
2083 2665 2381 2742 Gilberti,
2410 2665 2541 2731 ten'

261 2750 534 2829 domini,
563 2750 646 2814 ad
674 2749 1036 2814 faciendam
1062 2748 1273 2833 legem
1301 2768 1491 2813 suam
1520 2749 1605 2813 ad
1646 2770 1825 2834 prox.
1856 2771 1985 2816 cur.
2018 2771 2167 2815 cum
2196 2752 2314 2833 νΫ·
2340 2772 2542 2816 manu

263 2837 354 2901 de
398 2857 474 2901 eo
518 2837 692 2920 quod
734 2856 867 2900 non
909 2837 1184 2901 cariavit
1207 2857 1434 2918 ,unum
1476 2836 1823 2920 plumbum
1865 2838 2034 2921 prec’
2072 2842 2200 2901 20³.
2247 2843 2544 2921 emptum

261 2945 384 3009 per
411 2926 456 2990 J
461 2924 781 2988 ohannem
802 2923 1110 2988 Littester
1139 2922 1222 2987 de
1244 2923 1525 3007 Hugone
1550 2923 1782 2999 Ulkill,
1805 2928 1871 2988 et
1898 2924 2004 3008 pd.
2036 2923 2381 3008 plumbum
2416 2925 2546 2988 fuit

263 3015 660 3076 arrestatum
689 3031 804 3095 per
829 3010 1253 3094 praepositum
1280 3009 1470 3074 villae.

359 3098 744 3163 Hnsnnmt.
854 3098 1099 3162 Num
1155 3097 1433 3160 Donum.
1547 3096 1866 3161 Robertus
1924 3096 2046 3161 filii
2105 3095 2367 3160 Ricardi
2422 3096 2548 3161 filii

263 3184 547 3250 Walteri
586 3184 848 3248 nativus
899 3185 1168 3247 Domini
1212 3183 1344 3247 fuit
1393 3188 1752 3247 attestatus
1804 3189 1870 3248 et
1915 3184 2229 3249 liberatus
2281 3182 2546 3248 domino

267 3273 316 3337 J
320 3272 564 3335 ohanni
593 3270 673 3335 de
704 3270 1290 3355 Hemmyngburgh
1334 3289 1542 3353 nuper
1583 3271 1867 3349 terrario,
1897 3276 1964 3335 et
1999 3292 2194 3356 super
2220 3270 2345 3335 hoc
2373 3272 2546 3336 idem

262 3359 577 3423 terrarius
620 3358 927 3423 liberabit
966 3358 1237 3442 praefato
1270 3356 1554 3422 Roberto
1582 3356 1874 3423 Waltero
1907 3358 2042 3444 [sic]
2090 3359 2171 3423 de
2214 3358 2551 3424 Heselden

270 3446 360 3510 ad
403 3444 901 3509 custodiendum
943 3445 1026 3509 ad
1071 3464 1233 3527 opus
1265 3444 1518 3508 domini
1548 3444 2064 3511 Primis—FU&
2092 3462 2164 3511 ΙΝ
2194 3462 2545 3511 WARENNA.

272 3533 354 3598 R.
385 3530 466 3596 de
497 3531 598 3608 N„
629 3533 695 3597 J.
725 3531 806 3596 de
851 3532 955 3609 H„
987 3532 1058 3596 R.
1092 3531 1173 3596 de
1219 3530 1330 3607 Μ.,
1361 3537 1428 3596 et
1461 3531 1835 3597 Willelmus
1866 3533 1946 3598 de
1976 3534 2240 3598 Marton
2267 3534 2548 3598 vicarius

272 3620 357 3683 de
388 3618 710 3682 Hesilden
735 3619 1127 3702 fugaverunt
1156 3618 1224 3681 in
1257 3638 1562 3682 warenna
1596 3619 1843 3683 domini
1873 3620 2114 3683 Prioris
2146 3625 2212 3683 et
2241 3624 2553 3704 ceperunt

269 3706 526 3789 lepores
556 3704 851 3788 pluribus
879 3706 1133 3770 vicibus
1161 3711 1352 3789 prout
1378 3705 1504 3788 jur'
1535 3712 1945 3787 praesentant.

367 3792 721 3857 SUTHWYK.
795 3793 899 3856 De
922 3792 1204 3857 Roberto
1228 3791 1461 3875 Smyth
1486 3792 1641 3875 quia
1670 3792 1883 3856 noluit
1912 3791 2132 3856 sedere
2160 3790 2243 3854 ad
2271 3811 2553 3876 praecep-

275 3886 423 3944 tum
452 3878 807 3944 senescalli
829 3917 920 3928 —
939 3879 1261 3944 Robertus
1307 3878 1547 3962 Smyth
1589 3879 1764 3963 cepit
1801 3880 1830 3962 j
1880 3878 2272 3962 bondagium
2318 3878 2555 3943 ultimo

275 3967 353 4030 in
387 3972 620 4030 tenura
646 3965 967 4030 Willelmi
994 3966 1116 4029 filii
1160 3965 1466 4030 Henrici:
1510 3965 1784 4030 habend.
1830 3971 1898 4029 et
1939 3965 2199 4030 tenend.
2242 3965 2324 4031 ad
2367 3972 2552 4031 term.

276 4053 440 4118 vitae
469 4072 603 4116 suae
630 4072 691 4136 p.
722 4072 775 4116 a.
806 4052 879 4116 in
926 4053 1246 4129 omnibus,
1294 4052 1412 4117 viz.
1459 4072 1579 4135 pro
1626 4053 1924 4137 operibus
1971 4058 2038 4118 et
2084 4052 2232 4118 aliis
2278 4053 2556 4118 diversis

282 4145 419 4204 30s.
450 4144 516 4204 et
544 4145 878 4224 argentum
911 4144 1057 4203 terr,
1091 4176 1118 4188 -
1148 4176 1174 4188 ·

367 4227 667 4291 DAL'roN.
758 4225 1184 4310 Compertum
1235 4231 1338 4291 est
1387 4245 1507 4310 per
1550 4226 1676 4309 J’ur'
1729 4225 1903 4311 quod
1954 4226 2110 4311 forg'
2153 4224 2331 4290 villae
2382 4229 2450 4291 et
2487 4226 2553 4309 vj

278 4333 445 4379 acrae
462 4318 651 4378 terrae
672 4333 817 4396 quae
837 4314 885 4378 J
887 4312 1176 4378 ohannes
1199 4311 1432 4397 Smyth
1450 4313 1668 4377 tenuit
1689 4318 1757 4378 et
1779 4334 1922 4398 quae
1940 4314 2220 4377 Thomas
2239 4311 2555 4376 firmarius

279 4401 529 4465 clamat
555 4399 790 4464 babere
822 4405 1138 4484 tanquam
1181 4400 1529 4484 pertinent'
1559 4399 1904 4465 dominicis
1943 4400 2131 4465 terris
2160 4397 2383 4462 valent
2410 4417 2471 4480 p.
2501 4417 2555 4461 a.

282 4493 374 4553 6s.
424 4507 571 4571 quae
617 4486 792 4552 idem
841 4487 1005 4553 firm.
1034 4487 1378 4572 occupavit
1423 4505 1540 4570 per
1566 4487 1631 4570 vj
1682 4507 1903 4564 annos,
1944 4485 2093 4551 ideo
2134 4484 2435 4548 leventur
2476 4480 2559 4546 de
