3042 5034
596 500 624 558 1
638 499 717 558 30
1141 505 1456 554 HALMOTA
1487 503 1852 553 1616111166
1884 505 2363 555 DUNELMENsls.
2694 497 2860 555 1375.

589 667 764 731 idem
807 666 1047 730 festum
1090 670 1249 728 tuuc
1292 682 1468 747 prox.
1516 682 1663 744 seq„
1691 663 1813 727 viz.
1858 683 1972 747 per
2006 663 2033 747 j
2081 683 2345 742 annum,
2387 663 2566 728 redd.
2607 684 2669 748 p.
2700 685 2750 728 a.
2784 670 2865 729 26.

586 790 617 801 -
647 791 673 802 -
704 752 791 816 Ε1
821 753 878 817 61
900 752 1135 836 aliquis
1157 756 1385 814 tenens
1409 748 1659 813 venerit
1680 750 1797 832 qui
1820 750 1924 834 pd.
1959 750 2280 834 cotagium
2302 756 2369 815 et
2385 758 2629 815 terram
2651 771 2865 834 capere

587 840 866 904 voluerit
893 839 1064 902 infra
1092 837 1197 922 pd.
1231 842 1489 919 tempus
1519 835 1624 920 pd.
1656 835 1871 900 Adam
1915 836 2124 901 solvet
2164 857 2280 921 pro
2309 844 2603 921 tempore
2645 838 2719 902 in
2745 858 2865 921 quo

590 931 888 990 moretur.

676 1013 1130 1077 RAUENSFLAT.
1217 1011 1264 1075 J
1268 1007 1553 1073 ohannes
1585 1008 1832 1073 Barker
1859 1008 1940 1073 de
1962 1009 2445 1094 &yut-Giligat
2466 1010 2647 1093 cepit
2670 1010 2864 1093 xxviij

589 1120 766 1164 acras
816 1106 1003 1163 terrae
1053 1095 1284 1160 ultimo
1332 1096 1402 1159 in
1456 1102 1686 1159 tenura
1730 1094 1994 1160 Thomae
2045 1096 2224 1161 Coffe
2274 1102 2339 1161 et
2390 1096 2720 1162 willelmi
2771 1097 2873 1162 del

592 1186 786 1249 Hall:
829 1183 1103 1249 habend.
1135 1188 1203 1248 et
1230 1181 1486 1247 tenend.
1520 1181 1603 1245 ad
1632 1187 1811 1246 term.
1844 1203 1934 1245 xv
1963 1202 2313 1247 annorum:
2342 1183 2518 1248 redd.
2553 1204 2617 1267 p.
2649 1205 2706 1249 a.
2743 1190 2871 1248 28s.

681 1360 862 1421 1375.
897 1354 1314 1438 III.—Apud
1335 1353 1738 1431 Wolueston,
1760 1353 1866 1418 die
1898 1354 2128 1419 Marcii
2151 1360 2377 1439 quarto
2422 1405 2435 1420 .
2485 1407 2499 1421 .
2546 1407 2560 1421 .
2596 1356 2872 1422 Roberto

592 1443 670 1507 de
688 1442 1110 1507 Walleworth
1137 1442 1363 1526 priore,
1379 1440 1714 1505 Willelmo
1742 1440 1825 1505 de
1852 1440 2150 1525 Aslakby
2178 1443 2435 1519 bursar„
2456 1444 2505 1508 J
2508 1442 2770 1508 ohanne
2798 1443 2875 1507 de

592 1530 788 1595 Eluet
832 1580 846 1595 .
894 1578 907 1593 .
955 1579 968 1593 .

679 1618 1136 1703 [BILLINGHAM
1157 1614 1210 1698 2]
1257 1665 1270 1678 .
1318 1664 1329 1677 .
1380 1663 1394 1679 .
1440 1612 1655 1677 Alicia
1712 1612 1848 1676 filia
1898 1613 2215 1679 Willelmi
2273 1615 2607 1679 Neubond
2656 1616 2872 1680 finivit

590 1725 705 1789 pro
734 1724 864 1769 uno
892 1702 1207 1786 bondagio
1237 1706 1303 1765 et
1332 1705 1430 1764 est
1458 1701 1795 1783 impotens.
1886 1699 2044 1765 Ideo
2072 1721 2132 1785 p.
2165 1708 2266 1766 661,
2307 1706 2420 1766 611.
2451 1702 2560 1786 pd.
2592 1703 2871 1767 Aliciam

592 1792 674 1855 ad
704 1790 951 1856 essend.
983 1788 1066 1853 ad
1093 1808 1270 1872 prox
1302 1807 1430 1851 cur.

676 1879 1112 1941 WOLUESTON.
1205 1873 1586 1957 Injunctum
1615 1877 1714 1936 est
1742 1873 2041 1938 omnibus
2069 1874 2442 1938 tenentibus
2474 1875 2669 1939 istius
2698 1875 2875 1940 villae

590 1970 656 2028 et
683 1965 888 2028 villat'
919 1963 1000 2028 de
1042 1962 1307 2026 Neuton
1335 1966 1403 2024 et
1432 1960 1705 2043 Coupon
1733 1959 1907 2043 quod
1951 1959 2277 2025 emendari
2307 1960 2552 2024 faciant
2596 1962 2778 2026 viam
2804 1963 2871 2026 in

591 2099 604 2114 .
653 2101 665 2114 .
716 2100 728 2114 .
775 2048 1152 2113 Hawnsard.

677 2136 963 2200 OOUPON.
1055 2134 1487 2198 Litil-Steuen
1546 2131 1720 2216 cepit
1777 2152 1984 2196 unum
2041 2134 2361 2217 cotagium
2419 2134 2755 2216 quondam
2802 2136 2871 2199 in

586 2228 815 2287 tenura
854 2220 1133 2285 Galfridi
1175 2220 1480 2284 Ladman.
1534 2257 1560 2267 -
1598 2256 1625 2268 -
1661 2217 1995 2283 Gilbertus
2038 2219 2211 2283 filius
2255 2219 2301 2283 J
2305 2220 2581 2284 ohannis
2626 2222 2873 2287 61661116

587 2313 684 2373 est
729 2307 800 2371 in
845 2306 1125 2370 officium
1167 2306 1496 2390 praepositi
1541 2310 1608 2369 et
1650 2306 1696 2369 J
1699 2304 1985 2370 ohannes
2028 2305 2108 2370 de
2138 2306 2295 2371 Raw
2324 2314 2424 2371 est
2453 2307 2668 2372 socius
2712 2329 2873 2373 suus

592 2400 658 2460 et
693 2393 881 2458 ‘urati
911 2398 1084 2457 66111.
1115 2431 1141 2442 -
1173 2428 1200 2440 -
1677 2413 1702 2435 ‘

672 2415 914 2544 31661111.
1005 2479 1392 2545 Ordinatum
1421 2483 1520 2542 est
1564 2498 1645 2542 ex
1689 2478 2017 2542 communi
2058 2498 2324 2543 assensu
2367 2480 2542 2563 quod
2584 2480 2877 2545 habeant

587 2588 794 2632 unum
852 2586 1259 2632 communem
1316 2585 1662 2629 messorem
1720 2564 1879 2628 citra
1938 2564 2180 2629 festum
2247 2566 2307 2631 S.
2380 2566 2731 2632 cuthberti
2801 2569 2875 2632 in

587 2655 835 2719 Marcio
885 2654 1005 2718 sub
1057 2672 1249 2737 poena
1299 2656 1465 2739 2Qs.:
1508 2652 1598 2714 Et
1648 2650 1852 2715 eciam
1895 2652 2067 2734 quod
2116 2651 2398 2717 habeant
2444 2673 2648 2717 unam
2697 2675 2875 2719 com—

587 2762 851 2806 munem
893 2760 1238 2805 messorem
1281 2738 1443 2802 citra
1486 2738 1724 2802 festum
1771 2737 1832 2802 S.
1878 2737 2098 2802 Elenae
2142 2739 2263 2803 sub
2306 2760 2499 2823 poena
2548 2746 2723 2805 20s.:
2786 2742 2878 2805 Et

587 2829 792 2894 eciam
822 2827 994 2911 quod
1023 2826 1189 2890 nulli
1226 2824 1365 2910 [sic]
1409 2824 1541 2889 ten’
1574 2823 1764 2888 dictae
1792 2823 1968 2888 villae
2005 2825 2370 2890 malefaciat
2398 2826 2573 2892 dicto
2604 2829 2877 2893 messori

587 2922 701 2981 6111
744 2916 871 2980 sibi
912 2914 1108 2980 faciat
1149 2931 1511 2977 rescussum
1541 2911 1622 2974 (16
1665 2909 2052 2975 animalibus
2094 2912 2543 2996 impignoratis
2573 2922 2691 2978 aut
2733 2916 2877 2979 ani-

588 3002 785 3066 malia
813 3001 1129 3065 infaldata
1157 2999 1371 3083 capiat
1400 3003 1582 3061 extra
1610 2996 1855 3061 faldam
1886 2996 2026 3062 sine
2067 2997 2338 3064 licencia
2365 2999 2528 3064 dicti
2572 3004 2875 3066 messoris

510 3108 515 3112 ’
591 3091 712 3154 sub
741 3108 934 3172 poena
968 3094 1136 3152 20s.:
1180 3087 1268 3149 Et
1295 3084 1514 3149 eciam
1543 3083 1715 3168 quod
1759 3083 2037 3167 quilibet
2078 3090 2305 3151 tenens
2348 3086 2467 3150 fac’
2501 3088 2877 3171 pastoribus

589 3175 766 3240 villae
794 3182 984 3258 prout
1013 3172 1437 3238 communiter
1465 3170 1595 3234 fuit
1624 3169 2092 3235 concordatum.

680 3261 993 3325 CHILTON.
1082 3260 1186 3323 De
1241 3260 1289 3324 J
1291 3258 1544 3322 ohanne
1602 3257 1682 3321 (16
1740 3257 2190 3339 Maynesforth
2243 3258 2479 3343 Smyth
2528 3261 2689 3344 quia
2738 3282 2878 3327 non

596 3346 938 3409 aedificavit
964 3365 1172 3409 unum
1201 3344 1464 3409 domum
1492 3348 1687 3427 prout
1715 3343 1888 3426 cepit
1918 3344 2000 3407 ad
2029 3345 2478 3410 aedificandum
2508 3383 2533 3394 ·
2569 3384 2595 3395 -
2630 3353 2761 3412 306.

677 3432 874 3496 FERY.
987 3432 1089 3514 Inj
1098 3436 1366 3495 unctum
1416 3437 1516 3495 est
1561 3429 1860 3494 omuibus
1911 3432 2285 3496 tenentibus
2336 3432 2526 3497 istius
2578 3434 2759 3498 vfflae
2809 3440 2879 3500 61

587 3518 791 3583 villat'
845 3518 924 3582 de
975 3517 1235 3593 Est-M’,
1286 3517 1575 3593 Misi-M:
1625 3516 1933 3581 West-M'
1983 3523 2050 3581 et
2101 3518 2368 3583 Chilton
2413 3519 2591 3604 quod
2648 3520 2877 3588 nullus

589 3627 811 3673 eorum
838 3603 1199 3690 implacitet
1237 3603 1438 3668 alium
1480 3604 1553 3667 iu
1595 3603 1777 3666 nulla
1806 3603 1983 3667 curia
2025 3604 2155 3669 nisi
2198 3605 2269 3668 in
2312 3606 2441 3670 cur'
2486 3606 2719 3690 prioris
2747 3609 2874 3674 viz.

589 3695 659 3758 in
689 3693 924 3778 laycali
962 3698 1028 3757 et
1057 3690 1345 3757 seculari.
1368 3728 1458 3737 —
1478 3691 1524 3755 J
1529 3688 1813 3755 ohannes
1842 3689 2077 3774 Smyth
2107 3693 2282 3776 cepit
2308 3712 2515 3757 unum
2544 3695 2877 3778 cotagium

588 3788 656 3846 et
685 3782 772 3867 vij
805 3800 984 3846 acras
1012 3784 1198 3844 terrae
1227 3785 1294 3842 61
1321 3775 1404 3841 (11.
1436 3776 1670 3840 61111116
1706 3776 1777 3839 16
1819 3781 2049 3841 1611616
2077 3777 2245 3862 Agn’
2276 3779 2604 3864 quondam
2647 3783 2879 3847 uxoris

590 3868 855 3932 Roberti
899 3868 980 3932 de
1023 3866 1432 3949 Merington:
1477 3862 1750 3927 habend.
1783 3868 1849 3927 61
1892 3865 2145 3929 tenend.
2179 3865 2262 3929 ad
2306 3872 2487 3931 term.
2518 3866 2675 3931 vitae
2720 3888 2877 3946 suae,

586 3952 759 4017 redd.
803 3975 862 4037 p.
909 3974 964 4019 a.
1009 3956 1200 4037 prout
1241 3951 1347 4035 pd.
1392 3951 1558 4035 Agn.
1602 3949 1782 4034 prius
1824 3948 2107 4015 reddidit
2146 3957 2211 4016 et
2254 3952 2444 4017 fecit:
2489 3953 2877 4037 Incipiendo

586 4038 832 4103 solvere
876 4039 960 4103 ad
1002 4039 1241 4103 festum
1285 4039 1467 4102 Pent.
1499 4052 1624 4101 AJ).
1667 4042 1784 4101 etc.
1829 4035 2104 4120 lxxvij0:
2148 4038 2236 4101 Et
2263 4040 2367 4123 pd.
2399 4040 2447 4105 J
2447 4039 2737 4105 ohannes
2765 4042 2874 4124 pd.

586 4124 904 4208 cotagium
930 4128 995 4188 et
1010 4130 1246 4189 terram
1261 4124 1333 4187 in
1355 4125 1484 4189 fine
1505 4123 1767 4188 termini
1785 4123 1889 4187 sui
1906 4123 1977 4186 in
1998 4124 2348 4190 sufficienti
2363 4130 2542 4191 statu
2564 4126 2873 4194 dimittet.

587 4212 759 4293 Pleg.
794 4210 873 4275 de
916 4211 1077 4273 firm'
1108 4216 1173 4274 et
1217 4210 1516 4276 omnibus
1563 4210 1709 4274 aliis
1738 4230 1885 4293 quae
1927 4210 2336 4278 incumbunt.
2427 4214 2737 4279 Gres'm’a
2784 4221 2871 4279 26.

583 4299 646 4383 [“
674 4296 1168 4363 Memorandum
1227 4296 1307 4360 de
1363 4297 1491 4361 1616
1543 4297 1917 4362 dimissione
1975 4298 2253 4381 qualiter
2308 4304 2499 4384 capta
2556 4300 2688 4365 fuit
2705 4302 2740 4328 ”
2796 4303 2876 4366 in

589 4406 731 4448 mar
771 4406 856 4447 m.

668 4383 1239 4533 quns'rJ-RAYNTON.
1329 4466 1431 4530 De
1477 4468 1809 4531 Willelmo
1855 4467 2064 4532 Gilett
2109 4470 2263 4553 quia
2307 4471 2724 4554 inplacitavit
2760 4474 2871 4539 Ri-
