3042 5034
615 499 697 561 78
1133 504 1452 555 namon
1479 503 1845 554 Pmomws
1873 502 2353 553 omnmsts.
2703 490 2891 551 1369.

612 667 928 753 Baptistoe
982 684 1155 730 anno
1198 661 1472 728 Domini
1529 660 1950 747 [chcclxix0
2005 681 2215 727 coram
2261 659 2545 727 dominis
2588 660 2637 727 J
2638 658 2892 725 61166116

611 757 695 822 (16
742 749 1329 837 Hemmyngburgh
1375 750 1658 826 terrain,
1707 749 1755 815 J
1756 748 2011 814 ohanne
2060 749 2144 814 de
2185 748 2557 834 Beryngton
2598 748 2888 812 bursario

610 849 680 908 et
721 842 971 907 Thema
1012 840 1283 921 Surtays
1325 835 1738 902 666666116116.
1831 835 2166 921 [Indomd
2213 838 2291 901 in
2338 857 2384 900 a
2424 842 2886 918 contemporary

611 930 792 995 hand
812 928 1070 993 Primus
1099 935 1349 1000 turnus,
1376 944 1549 988 anno
1576 923 1762 986 lxi10.

699 1017 897 1081 FRRY.
974 1014 1079 1079 De
1107 1012 1389 1077 Roberto
1414 1009 1596 1075 Todd
1621 1029 1740 1093 pro
1800 1007 2039 1075 'cencia
2065 1007 2495 1074 concordandi
2523 1028 2679 1072 cum
2701 1008 2888 1074 Gom-

612 1104 937 1168 munitate
1000 1100 1194 1176 villae,
1247 1098 1347 1163 6d.
1370 1134 1459 1147 —
1476 1096 1525 1162 J
1527 1097 1813 1161 ohannes
1886 1096 2129 1161 Milner
2186 1095 2267 1161 de
2323 1095 2888 1179 Est-Meryngton,

611 1190 659 1256 J
662 1190 950 1255 ohannes
1023 1186 1267 1250 Milner
1336 1183 1445 1248 del
1516 1183 1731 1267 Birys,
1805 1182 2081 1247 Thomas
2154 1181 2236 1247 de
2293 1181 2756 1266 Wodyngfield
2824 1187 2889 1246 et

612 1278 659 1341 J
663 1276 948 1340 ohannes
1018 1271 1243 1355 Teddy
1299 1270 1382 1336 de
1445 1269 2020 1353 Mid-Meryngton
2076 1275 2387 1353 ceperunt
2441 1268 2893 1333 molendinum

611 1362 989 1446 aquaticum
1029 1358 1112 1423 de
1155 1356 1474 1433 Schelom,
1515 1356 1962 1421 molendinum
2002 1355 2418 1421 ventriticum
2471 1356 2555 1420 de
2607 1357 2778 1440 Fery
2826 1361 2892 1420 et

612 1448 1057 1514 molendinum
1100 1444 1473 1529 aquaticum
1515 1442 1598 1507 de
1640 1443 1808 1528 Fery
1851 1479 1880 1492 -
1925 1478 1954 1491 -
1995 1443 2057 1526 p’
2087 1463 2295 1507 unum
2335 1463 2586 1507 annum
2629 1443 2775 1527 [sic]
2806 1478 2836 1490 -
2864 1478 2893 1490 -

612 1535 788 1602 redd
817 1535 933 1619 xiij
967 1552 1212 1597 marcas
1243 1567 1272 1579 -
1300 1567 1347 1596 -.

700 1621 1324 1687 Min-MRRYNGTON.
1413 1615 1786 1682 willelmus
1830 1615 2111 1681 Gurrour
2138 1615 2323 1682 venit
2356 1616 2428 1679 in
2456 1616 2591 1680 cur’
2619 1621 2691 1680 et
2717 1615 2898 1699 cepit

613 1731 823 1775 unum
871 1706 1263 1791 bondagium
1311 1703 1486 1787 quod
1536 1702 1769 1768 sibilla
1818 1702 2044 1767 relicta
2090 1702 2138 1768 J
2141 1702 2416 1768 ohannis
2457 1702 2582 1766 filii
2631 1702 2898 1768 Thomae

613 1798 887 1863 Nanson
918 1795 1125 1880 [prius
1154 1790 1395 1875 tenuit]
1418 1799 1486 1855 et
1514 1810 1774 1868 sursum
1799 1788 2083 1854 reddidit
2108 1796 2371 1874 propter
2397 1789 2901 1874 impotenciam:

615 1884 791 1950 redd
835 1904 896 1967 p.
943 1903 996 1948 a.
1045 1886 1333 1945 28s.--:
1407 1876 1682 1942 habend'
1747 1881 1816 1941 et
1873 1877 2005 1941 ten'
2062 1875 2147 1940 ad
2196 1881 2382 1942 term.
2431 1876 2590 1941 vitae
2639 1896 2900 1941 suae--

615 2004 704 2019 —
725 1968 1039 2036 Ricardus
1066 1967 1242 2031 filius
1263 1964 1524 2028 Thomae
1551 1964 1726 2048 cepit
1752 1983 1959 2027 unum
1984 1962 2376 2048 bondagium
2404 1962 2582 2048 quod
2602 1963 2788 2028 Elias
2815 1963 2899 2028 de

616 2059 1005 2141 Pittyngton
1047 2054 1226 2137 prius
1268 2051 1486 2116 tenuit
1527 2056 1595 2115 et
1636 2070 1892 2115 sursum
1935 2048 2222 2116 reddidit
2262 2057 2523 2134 propter
2568 2050 2901 2134 impoten-

616 2145 826 2209 ciam:
869 2139 1144 2205 habend'
1171 2144 1239 2203 et
1266 2138 1396 2203 ten’
1425 2137 1508 2202 ad
1530 2137 1935 2202 voluntatem
1948 2137 2260 2201 Domini:
2299 2136 2474 2203 redd.
2502 2157 2567 2221 p.
2597 2156 2655 2201 6.
2695 2143 2832 2201 286.

703 2227 1310 2293 ΕΒΤ-ΜΕΒΥΝΘΤΟΝ.
1397 2224 1725 2289 Dimissi0.
1811 2224 2295 2289 lucrementum
2335 2223 2630 2289 redditus
2668 2230 2762 2289 66.
2795 2223 2898 2289 ed.

615 2316 891 2381 Thomas
933 2311 1167 2396 Smyth
1208 2310 1291 2375 de
1332 2310 1872 2396 Est-Meryngton
1901 2311 2075 2395 cepit
2100 2331 2307 2375 unum
2333 2310 2660 2395 cotagium
2686 2332 2902 2396 quon-

617 2403 768 2468 dam
797 2399 935 2485 [sic]
965 2398 1186 2483 Agnes
1228 2396 1364 2461 filia
1392 2397 1572 2461 Petri
1612 2398 1792 2482 prius
1837 2397 2055 2462 tenuit
2095 2403 2164 2462 et
2204 2417 2462 2462 sursum
2503 2397 2792 2463 reddidit
2817 2403 2902 2462 ut

618 2487 931 2554 Ricardus
975 2484 1056 2550 de
1098 2482 1309 2568 Birtly
1354 2486 1502 2548 test'
1526 2504 1735 2568 nuper
1774 2484 1949 2549 terr':
1990 2483 2267 2550 habend’
2309 2489 2380 2550 et
2420 2485 2553 2550 ten'
2594 2485 2684 2550 ad
2709 2489 2900 2550 term.

617 2577 973 2642 vitaesuae:
1016 2570 1191 2637 redd.
1219 2591 1282 2655 p.
1311 2589 1365 2636 a.
1399 2576 1605 2637 Sa·-

706 2662 775 2727 N
776 2660 1318 2726 ΕσΤοΝ-ΚΕΤΓΟΝ.
1428 2657 1748 2722 Robertus
1804 2657 2002 2744 Wily,
2049 2658 2374 2723 Walterus
2439 2658 2775 2743 Bischopp
2829 2661 2904 2723 et

619 2750 933 2818 Ricardus
962 2747 1069 2813 del
1108 2746 1371 2811 Neuton
1407 2745 1551 2829 jur'.
1573 2778 1665 2791 —
1681 2744 1786 2808 De
1821 2745 1869 2811 J
1873 2746 2125 2810 ohanne
2164 2744 2523 2830 Schephird
2562 2746 2722 2830 quia
2763 2765 2902 2810 non

615 2837 940 2924 reparabit
982 2853 1179 2898 unam
1221 2832 1556 2916 grangiam
1603 2837 1989 2915 prostratam
2029 2833 2101 2897 in
2144 2838 2374 2897 tenura
2415 2853 2535 2897 sua
2574 2838 2773 2917 prout
2813 2832 2903 2896 al’

617 2928 987 3011 injunctum
1009 2920 1138 2985 fuit
1159 2919 1288 2984 sibi
1312 2918 1385 2982 in
1407 2918 1703 3003 pluribus
1724 2918 2071 2998 Halmotis,
2101 2939 2182 2984 ex
2201 2919 2417 3003 gracia
2436 2920 2536 2985 δᾶ.
2625 2920 2904 3004 Injunc-

617 3020 762 3079 tum
791 3016 893 3078 est
934 3009 1146 3075 eidem
1195 3005 1371 3090 quod
1407 3004 1688 3089 reparari
1714 3006 1911 3072 faciat
1946 3005 2321 3090 praedictam
2360 3007 2694 3093 grangiam
2735 3008 2906 3071 citra

617 3100 798 3185 prox'
840 3098 969 3163 cur’
1014 3094 1136 3159 sub
1177 3112 1372 3176 poena
1416 3093 1561 3159 40d.
1582 3129 1671 3142 —
1690 3092 1795 3158 De
1835 3094 1883 3158 J
1885 3093 2138 3158 ohanne
2195 3092 2434 3158 Siburn
2476 3114 2594 3178 pro
2636 3094 2684 3177 ij
2729 3093 2904 3159 acris

617 3183 952 3252 seminatis
981 3200 1153 3247 anno
1179 3180 1571 3262 praecedenti
1618 3199 1736 3262 pro
1775 3180 2013 3265 quibus
2055 3178 2263 3245 nichil
2304 3181 2518 3258 solvit,
2562 3186 2653 3245 26.
2678 3215 2764 3231 -
2785 3180 2906 3244 In-

610 3275 917 3358 junctum
944 3273 1044 3333 est
1072 3266 1350 3330 Roberto
1368 3266 1551 3352 Wily
1577 3265 1753 3350 quod
1779 3265 2091 3352 cooperiri
2118 3265 2315 3333 faciat
2349 3266 2684 3352 grangiam
2709 3287 2905 3332 suam

619 3359 783 3423 citra
855 3356 986 3420 rox'
1016 3351 1145 3417 cur’
1175 3352 1298 3416 sub
1341 3373 1536 3438 poena
1569 3358 1698 3419 los.
1719 3369 1808 3404 -·-
1828 3355 1932 3419 De
1960 3354 2262 3420 omnibus
2304 3354 2685 3420 tenentibus
2721 3353 2907 3418 villae

619 3444 776 3529 quia
842 3439 1046 3595 {past'
1084 3438 1349 3504 fuerunt
1374 3446 1706 3525 pasturam
1747 3439 2217 3507 dominicorum
2259 3446 2453 3526 prout
2494 3445 2904 3526 compertum

621 3537 722 3597 est
762 3536 791 3595 1
804 3537 839 3594 2

706 3619 952 3684 AOLEY.
1061 3615 1443 3701 Injunctum
1499 3619 1602 3680 est
1671 3614 1973 3680 omnibus
2042 3615 2418 3684 tenentibus
2479 3613 2659 3679 villae
2722 3612 2907 3696 quod

619 3706 861 3772 faciant
888 3724 1297 3770 communem
1323 3700 1582 3767 faldam.
1612 3739 1641 3752 -
1671 3739 1699 3751 -
1715 3741 1805 3753 —
1825 3703 1928 3766 De
1950 3702 2230 3768 Roberto
2258 3703 2715 3768 Dentonsman
2741 3700 2905 3786 quia

619 3793 891 3859 intravit
918 3811 1186 3876 parcum
1214 3790 1356 3855 sine
1383 3788 1657 3854 licencia
1683 3788 1953 3855 Domini
1980 3826 2011 3837 -
2038 3825 2068 3838 -
2100 3789 2201 3854 od„

710 3881 1009 3945 BUBDON.
1061 3876 1363 3944 Praesent’
1382 3880 1483 3940 est
1497 3875 1571 3940 in
1588 3876 1766 3941 curia
1781 3876 1956 3960 quod
1977 3876 2234 3941 Matild’
2251 3895 2429 3941 nunc
2445 3893 2611 3939 uxor
2626 3873 2902 3939 Roberti

623 3966 839 4048 Dynis
895 3965 1069 4049 cepit
1118 3967 1146 4048 j
1208 3962 1535 4047 cotagium
1578 3983 1696 4047 pro
1755 3968 1847 4029 4s.
1901 3982 1964 4046 p.
2008 3982 2063 4029 a.
2115 3970 2466 4048 antequam
2521 3981 2666 4027 eam
2721 3960 2902 4026 idem

623 4052 944 4116 Robertus
989 4050 1182 4115 duxit
1228 4051 1300 4114 in
1349 4069 1633 4115 uxorem.
1737 4049 1827 4114 Et
1867 4055 2092 4134 postea
2138 4050 2314 4116 idem
2364 4050 2681 4114 Robertus
2723 4048 2903 4132 cepit

621 4158 823 4203 unam
850 4137 1151 4202 bovatam
1172 4141 1356 4202 terrae
1375 4156 1491 4221 pro
1529 4143 1657 4203 126.
1678 4156 1797 4221 per
1822 4156 2069 4201 annum
2096 4144 2176 4203 ut
2194 4136 2433 4203 dicitur
2457 4154 2605 4220 quae
2632 4134 2900 4219 quidem

622 4223 846 4309 capcio
886 4223 1015 4287 fuit
1056 4222 1197 4307 xiiij
1244 4224 1434 4288 annis
1476 4223 1714 4308 elapsis
1763 4228 1842 4289 ut
1882 4222 2137 4289 dicitur.
2225 4223 2314 4288 Et
2361 4222 2537 4288 idem
2580 4221 2901 4287 Robertus

622 4317 849 4399 postea
888 4309 1084 4375 solvit
1127 4314 1156 4372 1
1169 4316 1256 4376 26.
1293 4330 1408 4394 pro
1436 4309 1764 4393 praedictis
1806 4310 2055 4395 cotagio
2093 4316 2163 4376 et
2203 4311 2458 4388 bovata,
2498 4328 2791 4375 asserens
2832 4327 2902 4374 66

621 4399 870 4483 cepisse
913 4396 1137 4461 eadem
1186 4396 1509 4480 cotagium
1560 4403 1628 4461 et
1669 4396 1971 4462 bovatam
2012 4418 2129 4482 pro
2171 4396 2499 4481 praedictis
2551 4402 2680 4461 l2s.
2728 4416 2790 4480 p.
2847 4416 2899 4460 a.

624 4487 781 4551 Ideo
811 4482 1151 4548 videantur
1179 4484 1532 4566 capciones.

712 4571 1172 4635 BQYNGHAM.
1291 4568 1395 4633 De
1466 4568 1767 4636 omnibus
1839 4569 2212 4635 tenentibus
2282 4568 2460 4634 vinae
2534 4570 2692 4654 quia
2776 4588 2903 4633 non
