3042 5034
570 519 651 578 54
1086 529 1405 578 HALMOTA
1434 529 1803 579 PRIORAT'US
1832 529 2198 579 nummum
2200 530 2315 579 818.
2664 521 2695 579 l
2711 520 2878 580 366.

563 686 898 751 ostendere
941 688 1220 751 nomina.
1243 725 1332 735 —
1353 688 1758 752 Praesentant
1800 687 1975 772 quod
2020 688 2339 753 Bobertus
2381 687 2732 753 Geldsowe
2783 688 2876 752 de

563 774 722 837 Litil
779 774 1119 857 Staynton,
1174 775 1455 839 Thomas
1514 775 1722 852 Willi,
1782 776 1828 840 J
1830 776 2117 840 ohannes
2192 775 2426 853 Gener,
2482 775 2712 840 Abbas
2781 775 2874 840 de

563 860 942 938 Albalanda,
989 861 1359 926 Willelmus
1404 861 1726 939 Welfedd,
1777 864 1823 928 J
1826 862 2111 926 ohannes
2154 861 2430 938 Welfed,
2472 862 2872 928 willelmus

563 948 825 1024 Milner,
849 949 1136 1032 Rogems
1159 949 1581 1032 Aslabyman,
1603 949 1817 1013 Adam
1849 949 2114 1013 Homan
2143 949 2224 1013 de
2247 949 2492 1033 Magna
2520 949 2872 1034 Staynton

565 1033 732 1119 Agn'
762 1035 1047 1099 Domina
1090 1035 1169 1099 de
1214 1036 1537 1120 Staynton
1583 1035 1843 1120 [Agnes,
1873 1036 2104 1099 widow
2132 1035 2204 1099 of
2242 1036 2422 1101 John
2452 1035 2534 1100 de
2564 1035 2630 1099 la
2678 1037 2868 1118 Hay,

564 1127 793 1185 tenant
835 1122 934 1185 for
961 1122 1075 1185 life
1105 1121 1176 1185 of
1211 1124 1324 1186 the
1367 1122 1638 1207 manor],
1667 1124 1713 1188 J
1715 1122 2001 1187 ohannes
2046 1122 2254 1199 Rodd,
2282 1123 2328 1187 J
2331 1123 2619 1186 ohannes
2648 1123 2866 1198 wite,

567 1208 842 1272 Thomas
902 1209 981 1272 de
1043 1209 1340 1285 Helstob,
1385 1209 1608 1273 David
1660 1209 1740 1274 de
1798 1210 2039 1292 Magna
2091 1208 2431 1293 Staynton‚
2478 1209 2868 1293 Mar-garam

568 1294 816 1377 wate,
844 1293 1213 1359 Alexander
1241 1297 1321 1360 de
1351 1296 1673 1379 Staynton
1697 1296 1939 1380 depast'
1969 1295 2234 1360 fuerunt
2256 1296 2545 1379 ceparale
2574 1295 2866 1360 Domini

563 1380 637 1443 in
666 1400 844 1444 mora
871 1381 950 1445 de
994 1381 1244 1446 Ketton
1270 1403 1387 1466 per
1428 1404 1474 1445 x
1517 1403 1721 1447 annos
1750 1383 1999 1466 elapsos
2030 1388 2096 1446 et
2140 1382 2433 1467 amplius,
2517 1383 2691 1448 'Ideo
2737 1383 2864 1447 fiat

565 1487 901 1551 processus
942 1488 1166 1533 versus
1197 1489 1320 1534 eos.
1409 1469 1497 1533 Et
1539 1475 1935 1553 praeceptum
1962 1475 2062 1534 est
2084 1469 2210 1553 jur'
2240 1470 2417 1554 quod
2459 1470 2578 1534 att’
2608 1490 2722 1534 eos
2767 1469 2862 1534 ad

568 1555 814 1619 essend’
844 1554 952 1619 hic
982 1555 1064 1619 ad
1091 1556 1269 1639 prox'
1301 1556 1359 1620 si
1385 1562 1651 1640 possent
1678 1556 1953 1637 invenir'
1985 1560 2104 1620 etc.

653 1641 893 1706 AGLEY.
985 1643 1087 1726 Inj
1097 1649 1364 1707 unctum
1393 1649 1493 1707 est
1522 1643 1823 1707 omnibus
1852 1643 2226 1708 tenentibus
2254 1642 2430 1706 villae
2460 1642 2578 1726 qui
2620 1647 2862 1707 tenent

564 1747 681 1813 per
724 1730 992 1813 gres'am
1035 1731 1273 1794 factam
1316 1729 1388 1793 in
1430 1730 1610 1793 curia
1637 1730 1811 1814 quod
1854 1729 2257 1794 satisfaciant
2298 1730 2587 1794 cotteriis
2618 1737 2689 1794 et
2716 1730 2862 1794 illis

567 1816 685 1900 qui
713 1822 940 1880 tenent
969 1817 1159 1881 bond'
1190 1817 1271 1880 de
1299 1817 1533 1901 costag’
1564 1817 1734 1881 circa
1775 1818 2250 1900 reparacionem
2278 1816 2470 1880 faldae
2501 1816 2626 1881 sub
2655 1836 2861 1899 poena

572 1902 719 1967 40d.
807 1903 931 1987 [As
976 1923 1046 1968 30
1088 1923 1288 1987 many
1315 1903 1643 1987 examples
1688 1902 1759 1967 of
1803 1902 1917 1967 the
1960 1908 2231 1967 amount
2271 1903 2344 1967 of
2379 1902 2653 1986 penalty
2681 1903 2859 1968 have

569 2009 716 2053 now
746 1990 910 2054 been
936 1991 1148 2074 given,
1177 1990 1431 2073 brevity
1460 1989 1598 2053 will
1625 1990 1706 2054 be
1735 1989 2074 2055 consulted
2115 1990 2189 2054 in
2217 1989 2523 2074 omitting
2563 1990 2752 2054 them
2781 1989 2858 2053 in

569 2075 684 2139 the
713 2082 994 2140 extracts
1024 2078 1096 2140 of
1117 2077 1561 2161 injunctions]

658 2161 956 2226 BURDON.
1046 2162 1517 2228 Praesentatum
1540 2169 1639 2227 est
1660 2160 1835 2246 quod
1860 2162 2157 2227 Matildis
2188 2182 2361 2226 nunc
2388 2182 2554 2227 uxor
2582 2162 2858 2227 Roberti

568 2246 805 2330 Dynys
834 2248 1007 2332 cepit
1034 2269 1240 2312 unum
1284 2250 1607 2334 cotagium
1647 2270 1764 2333 pro
1796 2256 1888 2314 4s.
1916 2269 1976 2333 p.
2008 2270 2062 2313 a.
2095 2257 2444 2333 antequam
2483 2269 2629 2315 eam
2671 2249 2862 2314 idem

570 2334 890 2398 Robertus
942 2334 1132 2398 duxit
1175 2335 1246 2398 in
1298 2356 1581 2413 uxorem,
1626 2342 1692 2401 et
1742 2341 1963 2419 postea
2019 2336 2195 2401 idem
2242 2336 2562 2401 Robertus
2605 2337 2788 2420 cepit
2824 2339 2856 2421 j

568 2420 870 2484 bovatam
898 2426 1083 2485 terrae
1110 2441 1225 2505 pro
1261 2427 1290 2485 1
1304 2428 1388 2485 23.
1421 2443 1484 2506 p.
1513 2443 1568 2488 a.
1600 2428 1677 2487 ut
1706 2423 1963 2499 dicitur,
1994 2443 2140 2508 quse
2167 2423 2433 2507 quidem
2470 2423 2691 2507 capeio
2722 2424 2862 2489 suit

572 2507 715 2590 xiiij
741 2507 928 2572 annis
952 2507 1186 2592 elapsis
1204 2515 1281 2572 ut
1298 2508 1554 2574 dicitur.
1612 2509 1700 2573 Et
1718 2509 1891 2576 idem
1910 2510 2227 2575 Robertus
2250 2515 2475 2610 postea
2495 2510 2693 2574 solvit
2718 2517 2750 2573 1
2765 2517 2858 2575 23.

571 2613 688 2676 pro
717 2594 1042 2678 praedictis
1086 2595 1334 2680 cotagio
1364 2601 1433 2660 et
1463 2596 1711 2674 bovata,
1739 2616 2026 2661 asserens
2055 2617 2124 2662 se
2167 2597 2406 2681 sepisse
2437 2597 2579 2681 [sic]
2623 2596 2862 2661 eadem

571 2681 898 2765 cotagium
941 2688 1007 2747 et
1035 2682 1336 2746 bovatam
1379 2701 1494 2767 pro
1538 2682 1863 2768 praedictis
1899 2689 1928 2747 1
1942 2690 2029 2749 23.
2060 2705 2122 2769 p.
2157 2705 2214 2748 a.
2303 2684 2459 2748 Ideo
2501 2683 2863 2749 'videantur

570 2769 919 2852 capsionea
993 2769 1080 2833 Et
1108 2770 1473 2853 injunctum
1496 2770 1705 2835 eidem
1728 2770 2004 2835 Roberto
2026 2770 2200 2855 quod
2222 2770 2456 2835 habeat
2476 2771 2861 2854 capcionem

569 2856 861 2939 praedicti
889 2857 1125 2942 cotagii
1152 2863 1218 2921 et
1246 2857 1498 2922 bovatae
1527 2856 1630 2921 vel
1661 2855 1849 2921 aliter
1876 2857 2085 2922 solvet
2125 2877 2241 2941 pro
2271 2858 2520 2941 cotagio
2563 2877 2680 2941 pro
2708 2862 2860 2923 toto

567 2947 857 3028 tempore
902 2944 1136 3027 elapso,
1227 2943 1429 3028 [Vide
1464 2948 1651 3021 1369,
1706 2943 1836 3008 ΙΙΙ.
1893 2943 2510 3021 —Memorandum,
2538 2944 2713 3028 quod
2768 2945 2858 3010 ad

567 3030 841 3095 tercium
868 3035 1137 3095 turnum
1168 3031 1385 3096 Halm’
1415 3050 1586 3095 anno
1614 3028 1732 3094 111ιο
1760 3031 1806 3095 J
1809 3050 1845 3093 0
1894 3050 2094 3095 annes
2123 3030 2205 3096 de
2233 3030 2526 3096 Heswell
2559 3031 2732 3115 cepit
2780 3032 2854 3116 xj

567 3116 836 3182 bovatas
865 3123 1051 3182 terrae
1091 3124 1158 3182 et
1188 3118 1272 3182 di.
1303 3118 1385 3182 de
1414 3116 1789 3196 dominicis;
1833 3116 2004 3181 redd.
2037 3119 2375 3202 antiquam
2416 3118 2674 3183 firmam
2700 3138 2857 3201 quae

570 3222 639 3267 se
698 3203 991 3269 extendit
1041 3204 1123 3268 ad
1173 3209 1304 3270 50s.
1395 3204 1552 3269 Ideo
1602 3203 1900 3268 videatur
1956 3204 2116 3288 quid
2174 3225 2349 3268 nunc
2399 3203 2599 3269 solvit
2648 3211 2715 3269 et
2767 3205 2855 3271 de

568 3289 824 3353 residuo
877 3297 1176 3354 oneretur
1224 3290 1282 3355 31
1327 3291 1478 3375 plus
1526 3290 1615 3354 sit
1662 3295 1777 3355 etc.
1807 3324 1898 3337 -
1928 3291 2155 3356 Unum
2203 3292 2608 3375 mesuagium
2653 3297 2722 3356 et
2771 3291 2849 3376 113

566 3374 819 3439 bovatae
848 3382 1031 3439 terrae
1058 3396 1203 3459 (111εο
1245 3378 1507 3441 fuerunt
1551 3377 1618 3441 N
1617 3376 1855 3441 icholai
1898 3377 2036 3442 Ben
2079 3378 2489 3462 assignantur
2515 3378 2852 3443 Winelmo

571 3461 825 3545 Smyth,
855 3464 901 3528 J
904 3461 1146 3526 ohanm
1175 3463 1255 3527 de
1285 3463 1574 3528 Heswell
1603 3470 1670 3528 et
1698 3463 1979 3529 Roberto
2008 3464 2259 3548 Dinys·
2302 3464 2575 3529 habend’
2607 3472 2675 3529 et
2716 3466 2852 3530 ten’

570 3569 905 3634 quousque
934 3549 1099 3613 alius
1130 3555 1424 3615 tenentes
1448 3550 1587 3635 [sio]
1611 3550 1728 3634 qui
1757 3571 1983 3634 capere
2010 3551 2292 3616 voluerit
2318 3550 2650 3617 reddendo
2677 3553 2854 3616 anti-

569 3658 768 3722 quam
788 3638 1053 3701 firmam.
1087 3637 1203 3701 viz.
1232 3642 1363 3701 40s.
1393 3657 1455 3720 p.
1479 3657 1571 3717 a.;
1613 3636 1983 3737 incipiendo
2013 3638 2260 3703 solvere
2289 3638 2371 3702 ad
2403 3639 2644 3703 festum
2664 3639 2848 3705 Pent.

568 3726 762 3790 Anno
791 3725 1012 3809 lxviij⁰
1039 3725 1160 3789 sub
1188 3745 1381 3808 poena
1409 3723 1774 3788 amissionis
1796 3724 2004 3788 tocius
2025 3730 2211 3790 terrae
2231 3745 2428 3809 quem
2456 3725 2598 3825 [sic]
2623 3731 2854 3790 tenent

569 3813 651 3876 de
673 3813 970 3876 Domino.
1058 3812 1146 3875 Et
1168 3810 1502 3876 sciendum
1532 3810 1706 3894 quod
1735 3811 1991 3875 solvent
2016 3831 2133 3895 pro
2161 3812 2371 3876 tribus
2399 3812 2628 3895 primis
2659 3813 2849 3877 annis

572 3903 703 3962 30s.
736 3919 815 3962 ex
844 3898 1070 3983 gracia.
1087 3935 1176 3946 —
1193 3899 1295 3963 De
1325 3897 1600 3962 Ricardo
1630 3898 1806 3961 Roth
1835 3916 1949 3982 pro
1977 3897 2072 3962 les
2101 3898 2242 3982 leys
2284 3898 2556 3963 Domini
2601 3899 2847 3983 depast’

568 4004 740 4048 anno
768 3984 1155 4067 praecedenti
1184 3991 1376 4068 prout
1404 3989 1803 4068 compertum
1833 3990 1935 4049 est
1961 4005 2077 4069 per
2111 3985 2255 4069 jur'‚
2286 3984 2366 4051 de
2408 3984 2850 4050 misericordia

574 4070 942 4135 l4d.—-De
972 4070 1197 4135 eodem
1228 4071 1557 4136 Wfflelmo
1589 4071 1842 4155 Smyth,
1873 4071 2152 4137 Roberto
2181 4072 2417 4155 Dynys
2447 4078 2515 4136 et
2543 4073 2589 4137 J
2592 4072 2848 4137 ohanne

566 4158 649 4221 de
678 4156 967 4221 Heswell
1008 4175 1124 4239 pro
1154 4157 1292 4240 xiiij
1342 4159 1503 4222 acris
1547 4163 1731 4222 terrae
1761 4157 1963 4222 deles
2004 4158 2153 4242 leys
2190 4159 2482 4242 ejusdam
2524 4158 2591 4222 N
2592 4159 2848 4236 icholai

566 4243 854 4329 precium
876 4244 904 4326 j
939 4263 1101 4306 acrae
1133 4244 1233 4308 4d.
1324 4244 1410 4307 Et
1439 4266 1555 4328 pro
1584 4245 1787 4309 crofto
1838 4246 1937 4310 6d.
2028 4245 2132 4310 De
2175 4245 2431 4330 herbag'
2460 4246 2660 4329 hujus
2691 4247 2846 4310 anni

570 4338 656 4396 53.
694 4331 792 4396 2d.
883 4330 1374 4394 Memorandum
1407 4330 1535 4396 de
1515 4333 1561 4415 13
1595 4333 1757 4396 acris
1785 4332 1956 4415 prati
1986 4338 2052 4396 et
2081 4332 2167 4396 di.
2199 4332 2486 4417 03113ᾱο111
2515 4339 2704 4398 terrae
2732 4353 2846 4418 pro

563 4419 799 4503 quibus
830 4423 1123 4481 tenentes
1153 4417 1505 4481 ostendunt
1534 4419 1687 4482 dare
1722 4423 1851 4482 103.
1888 4419 2178 4483 nondum
2207 4418 2509 4484 venditis.

650 4503 1764 4579 mn-Mnnwcron.01·dinatum
1779 4511 1879 4569 est
1906 4524 1989 4569 ex
2018 4505 2346 4571 communi
2373 4526 2644 4572 assensu
2674 4506 2847 4593 quod
