3042 5034
563 479 642 537 98
1085 487 1397 535 HALMOTA
1425 485 1791 535 PRIORATUS
1814 484 2292 534 DUNELMENSIS.
2648 474 2676 532 l
2690 473 2846 534 370.

557 645 839 731 pertinet
893 644 1147 722 habere,
1204 644 1361 728 quia
1417 643 1669 708 dictum
1728 647 1830 707 est
1881 642 2055 726 quod
2113 641 2423 726 praedicta
2477 646 2652 707 terra
2704 662 2850 707 non

557 739 772 818 potest
822 732 1070 796 dimitti
1128 750 1206 796 ea
1263 730 1343 795 de
1402 750 1615 795 causa.
1638 767 1727 779 —
1743 730 2150 814 Praeceptum
2207 735 2309 794 est
2364 729 2715 814 praeposito
2776 734 2850 793 et

558 820 843 884 forestar'
867 818 1042 902 quod
1071 817 1366 902 distring’
1398 816 1748 881 Ricardum
1777 814 1859 880 de
1892 815 2252 881 Hessewell
2280 815 2692 899 capellanum
2723 836 2852 900 pro

561 912 650 971 fis.
695 905 930 971 debitis
974 906 1020 972 J
1022 904 1265 970 ohanni
1306 903 1542 968 Huker
1583 922 1699 986 pro
1741 903 1838 986 iiij
1885 901 2262 967 bidentibus
2304 902 2519 967 eidem
2560 903 2848 967 Ricardo

557 993 841 1058 venditis
884 992 1058 1057 unde
1101 991 1425 1056 Robertus
1469 989 1702 1054 Souter
1742 989 2125 1073 praepositus
2168 989 2478 1054 arestavit
2520 989 2592 1052 in
2638 1009 2847 1088 manu

555 1076 1782 1230 ffiffifflciffnffinffiffizassae.
1796 1075 2844 1246 ἳτὲἒὴέᾴᾚὲῗέὶέἰὲίξᾙ

557 1251 605 1315 J
605 1251 878 1316 ohannis
908 1251 1243 1315 combusto
1272 1256 1467 1333 prout
1495 1254 1896 1333 compertum
1925 1256 2027 1313 est
2052 1269 2168 1332 per
2188 1249 2331 1332 jur'‚
2362 1255 2429 1313 et
2456 1248 2635 1333 quod
2663 1249 2845 1313 idem

558 1338 604 1404 J
607 1337 895 1402 ohannes
938 1357 1072 1402 non
1112 1335 1312 1401 habet
1353 1336 1544 1420 plura
1569 1336 1741 1400 bona
1769 1341 1837 1401 et
1865 1334 2101 1401 catalla
2143 1340 2263 1400 etc.
2352 1335 2510 1401 Ideo
2538 1335 2848 1400 videatur

557 1424 780 1507 capeio
819 1431 888 1488 et
931 1429 1280 1488 onerantur
1309 1422 1450 1507 [sio]
1481 1422 1649 1507 pleg’
1678 1428 1797 1487 etc.
1816 1458 1907 1471 —
1928 1424 2334 1506 Praeceptum
2361 1428 2462 1487 est
2488 1424 2845 1506 praeposito

559 1510 734 1595 quod
757 1510 965 1575 seisiri
983 1510 1100 1575 fac’
1122 1510 1194 1572 in
1214 1530 1417 1574 manu
1435 1508 1708 1573 Domini
1730 1509 1969 1573 Prioris
1986 1508 2315 1592 quandam
2334 1509 2629 1593 placeam
2650 1515 2844 1574 terrae

556 1598 629 1662 in
659 1596 1033 1682 Roughside
1061 1616 1206 1681 quae
1245 1595 1376 1660 fuit
1418 1595 1651 1660 Aliciae
1681 1595 1764 1661 de
1808 1595 2276 1680 Alaynscheles
2305 1594 2632 1661 defunctas
2662 1595 2846 1680 quod

557 1684 700 1770 [sic]
730 1690 990 1749 tenetur
1012 1684 1093 1749 de
1116 1684 1354 1761 Priore,
1378 1689 1446 1748 et
1465 1682 1669 1747 haeres
1699 1682 1871 1747 infra
1891 1688 2169 1760 aetatem,
2194 1702 2391 1766 quam
2414 1681 2737 1747 Robertus
2761 1681 2846 1747 de

560 1771 890 1856 Hidewyn
932 1775 1113 1836 tenet
1156 1769 1239 1834 ad
1279 1775 1462 1834 term.
1495 1774 1564 1835 et
1590 1768 1805 1834 reddit
1833 1790 1893 1853 p.
1925 1789 1978 1834 a.
2014 1775 2102 1832 6s.
2136 1769 2240 1834 δᾶ.
2325 1768 2414 1833 Et
2440 1775 2848 1854 praeceptum

559 1859 901 1942 praeposito
944 1856 1120 1942 quod
1161 1856 1341 1921 distr’
1386 1856 1507 1921 fac'
1536 1856 1609 1920 in
1651 1855 1958 1939 predictis
2000 1855 2191 1920 terris
2231 1875 2351 1940 pro
2392 1856 2558 1919 firm’
2589 1856 2674 1921 de
2713 1861 2849 1921 ter-

560 1945 757 2009 minis
809 1945 995 2010 Pent'
1048 1951 1117 2011 et
1166 1943 1363 2008 Mart'
1412 1949 1532 2008 etc.
1553 1981 1643 1991 —
1664 1942 2069 2027 Praeceptum
2115 1946 2218 2007 est
2265 1943 2615 2026 praeposito
2667 1943 2848 2027 quod

559 2031 798 2095 attach’
828 2031 947 2095 sac'
976 2050 1202 2095 omnes
1243 2035 1543 2095 tenentes
1569 2028 1747 2093 villae
1789 2036 1928 2093 tam
1970 2027 2274 2094 mulieres
2303 2049 2499 2112 quam
2541 2029 2847 2095 homines

559 2116 643 2181 ad
694 2116 943 2182 essend’
986 2116 1096 2182 hic
1139 2116 1224 2181 ad
1274 2117 1453 2201 prox'
1499 2115 1586 2180 ad
1626 2115 1921 2202 respond’
1965 2115 2248 2179 Domino
2293 2115 2371 2179 de
2421 2116 2847 2182 excoracione

559 2203 859 2267 arborum
881 2201 961 2266 de
982 2200 1076 2268 les
1095 2202 1310 2268 Allers
1333 2202 1417 2267 ad
1438 2222 1635 2287 grave
1657 2201 2236 2286 dampnum—De
2257 2202 2305 2268 J
2306 2202 2560 2268 ohanne
2582 2203 2847 2269 Edeson

559 2308 676 2372 pro
697 2290 725 2372 j
759 2308 1002 2372 quercu
1043 2288 1295 2353 succisa
1322 2295 1390 2354 et
1416 2288 1613 2354 melle
1642 2293 1713 2354 et
1740 2309 1886 2354 cera
1928 2289 2292 2373 asportatis,
2319 2289 2404 2353 ad
2431 2289 2698 2374 dampn’
2726 2311 2848 2375 pro

559 2374 755 2440 melle
790 2374 931 2439 14d.
962 2380 1033 2439 et
1060 2394 1176 2458 pro
1206 2375 1427 2440 arbore
1463 2375 2111 2459 12d—Injunctum
2141 2380 2243 2440 est
2285 2376 2587 2440 omnibus
2615 2382 2848 2442 tenen·

558 2462 761 2612 ffuussl
765 2460 962 2613 Vinii
969 2461 1203 2546 prioris
1231 2462 1407 2546 quod
1433 2461 1684 2528 molent
1710 2461 1905 2528 blada
1931 2481 2052 2527 sua
2078 2462 2255 2548 apud
2280 2462 2733 2528 molendinum
2762 2464 2847 2529 de

761 2568 888 2613 esw
966 2597 981 2614 .

653 2726 682 2786 1
695 2724 836 2787 370.
883 2720 1468 2806 IIL—[Headless.
1543 2722 1717 2787 Date
1745 2720 1983 2805 proved
2015 2722 2106 2806 by
2133 2720 2249 2786 the
2278 2720 2537 2787 Hal-ton
2565 2722 2848 2808 inquisi-

558 2808 701 2873 tion
728 2808 858 2874 and
886 2808 1000 2874 the
1029 2808 1275 2874 demise
1303 2808 1376 2873 of
1397 2808 1512 2874 the
1540 2808 2019 2873 East-Rainton
2046 2808 2428 2893 demesnea]

646 2896 1124 2961 WILLYNGTON.
1213 2896 1317 2961 De
1355 2896 1589 2961 Emma
1616 2894 2235 2980 Androwsmayden,
2262 2916 2377 2980 pro
2407 2915 2661 2961 conven
2705 2945 2722 2963 .
2767 2946 2782 2964 .
2829 2948 2845 2963 .

647 2983 1008 3048 Momou.
1096 2982 1469 3047 willelmus
1498 2981 1752 3048 Jakson
1781 2982 1967 3047 venit
2008 2988 2077 3047 et
2104 2982 2278 3067 cepit
2304 2986 2512 3047 totam
2538 2987 2847 3050 tenuram

560 3089 758 3153 quam
787 3070 834 3136 J
836 3069 1122 3134 ohannes
1164 3069 1339 3134 filius
1369 3069 1641 3154 Agnetis
1682 3068 1862 3152 prius
1905 3069 2156 3133 tenuit:
2198 3068 2472 3134 habend'
2501 3075 2572 3134 et
2597 3073 2734 3136 ten’
2761 3070 2847 3136 ad

558 3162 742 3220 term.
772 3157 928 3220 vitae
955 3176 1130 3221 suae:
1172 3155 1346 3220 redd.
1377 3162 1444 3221 et
1471 3155 1767 3220 faciendo
1800 3154 1872 3219 in
1916 3155 2216 3220 omnibus
2258 3162 2454 3239 prout
2493 3157 2847 3240 pmdictus

557 3241 891 3307 «Iohannes
920 3242 1100 3326 prius
1142 3241 1425 3307 reddidit
1468 3250 1536 3307 et
1574 3241 1764 3307 fecit:
1792 3279 1822 3291 -
1851 3278 1881 3292 -
1966 3241 2055 3306 Et
2081 3242 2327 3327 recepit
2352 3242 2435 3308 de
2460 3243 2653 3310 bonis
2683 3265 2846 3328 prae-

561 3327 722 3391 dicti
767 3327 814 3391 J
817 3326 1091 3392 ohannis
1138 3328 1223 3392 ad
1283 3328 1760 3412 reparacionem
1824 3327 2161 3393 domorum
2210 3335 2340 3394 28s.
2370 3367 2399 3379 -
2428 3366 2462 3377 -
2548 3330 2725 3415 Pleg.
2758 3369 2786 3381 -
2818 3369 2846 3381 -

559 3414 604 3478 J
607 3413 892 3478 ohannes
951 3413 1030 3478 de
1088 3414 1412 3479 Monkton
1461 3421 1647 3499 pater
1696 3435 1853 3480 suus
1903 3421 1972 3481 et
2008 3415 2191 3482 will.
2249 3416 2497 3481 Toller:
2553 3418 2848 3502 gres’m'a

563 3506 650 3566 fis.
686 3499 786 3564 sd„
813 3524 828 3565 ι
871 3499 1270 3565 condonatur
1296 3521 1412 3585 per
1437 3501 1793 3567 terrarium.

642 3588 691 3653 J
692 3603 944 3652 Anowss.
1056 3587 1439 3670 Injunctum
1489 3593 1591 3654 est
1640 3588 1941 3653 omnibus
2000 3589 2374 3654 tenentibus
2432 3589 2611 3655 villae
2668 3590 2846 3674 quod

556 3675 838 3758 quilibet
854 3694 1074 3741 eorum
1091 3674 1334 3740 faciant
1355 3675 1498 3761 [sic]
1516 3675 1735 3741 fossat'
1749 3676 1944 3760 juxta
1963 3680 2225 3740 tenuras
2245 3696 2398 3742 suas
2420 3676 2586 3742 citra
2602 3677 2846 3743 festum

557 3762 871 3827 Omnium
903 3760 1302 3830 Sanctorum.

642 3850 1061 3916 WERMOUTH.
1151 3848 1526 3915 Willelmus
1573 3849 1797 3913 Oarter
1823 3847 2010 3913 venit
2051 3848 2124 3912 in
2168 3849 2298 3949 cur'
2329 3853 2398 3914 et
2425 3849 2604 3934 cepit
2632 3872 2845 3916 unum

554 3953 969 4087 ffizssssgffi
985 3936 1927 4088 essffiffitbffissmssdtssffl
1944 3934 2294 4087 ¹332ss
2306 3941 2545 4087 &303
2567 3937 2848 4090 ’ἒὲᾎὲῑῗ

552 4105 720 4170 endo
777 4108 850 4170 in
908 4108 1209 4174 omnibus
1267 4115 1461 4193 prout
1518 4108 1829 4193 praedicta
1886 4108 2056 4193 Agn'
2115 4109 2196 4175 de
2253 4109 2602 4174 Moreslaw
2661 4112 2847 4194 prius

550 4192 833 4258 reddidit
861 4200 928 4259 et
955 4195 1151 4259 fecit:
1193 4195 1566 4281 incipiendo
1587 4195 1836 4261 solvere
1857 4195 2182 4280 integram
2209 4197 2462 4260 firmam
2492 4196 2577 4260 ad
2598 4196 2847 4262 festum

551 4280 735 4344 Pent'
764 4297 934 4347 anno
963 4281 1234 4345 Domini
1262 4287 1380 4349 etc.
1411 4283 1623 4366 lxxij0.
1712 4282 1801 4347 Et
1843 4282 2194 4348 seminabit
2236 4281 2359 4348 hoc
2402 4303 2574 4348 anno
2617 4303 2844 4350 semen

546 4366 804 4432 vernale
833 4374 901 4433 et
936 4367 1147 4433 solvet
1187 4369 1457 4434 terciam
1498 4375 1750 4452 partem
1795 4370 2014 4446 firmae,
2045 4375 2115 4434 et
2143 4370 2191 4434 J
2192 4369 2480 4434 ohannes
2511 4369 2678 4436 Reid
2722 4373 2842 4455 qui

544 4472 611 4516 se
619 4454 890 4519 minavit
918 4474 1140 4520 semen
1182 4454 1459 4520 hiemale
1501 4455 1918 4538 respondebit
1952 4454 2032 4520 de
2061 4455 2317 4521 residuo
2348 4455 2563 4521 firmae„
2655 4458 2838 4543 Pleg.

3026 3961 3035 3997 4
