3042 5034
184 473 215 531 l
229 473 269 531 3
278 473 317 530 6
326 474 393 530 4.
735 482 1049 530 ΗΑΒΜΟΤΔ
1078 482 1441 530 PBIORATUS
1473 481 1954 531 DUNELMENSIS.
2395 469 2431 527 3
2443 471 2471 526 l

176 645 249 704 et
280 640 463 723 Agn’
493 658 644 722 quae
670 638 801 703 fuit
842 658 1006 702 uxor
1039 638 1355 703 Willelmi
1387 637 1649 703 Sadeler
1688 643 2016 703 tenentem
2039 639 2066 721 j
2099 658 2249 703 mes.
2296 642 2363 702 et
2391 657 2481 700 xv

173 747 375 790 acras
408 731 614 803 terrae,
644 730 714 789 et
753 725 1109 789 Dominum
1137 725 1424 789 Alanum
1467 725 1548 789 de
1578 724 2061 809 Schittlyngton
2092 725 2480 809 Magistrum

172 812 573 895 Hospitalis
626 812 707 876 de
765 811 1117 876 Schirburn
1162 818 1493 876 tenentem
1552 812 1890 894 cujusdam
1945 810 2173 894 placiae
2229 816 2477 876 vocatae

174 898 619 975 Pethmosak,
649 897 732 962 ad
759 897 1028 962 faciend'
1059 898 1428 983 homagium
1460 905 1528 962 et
1555 896 1946 962 fidelitatem.
1977 934 2008 944 -
2035 934 2066 944 -

268 985 893 1049 EST-MEBYNGTON.
924 1020 952 1032 -
980 1022 1010 1031 —
1039 985 1323 1068 Incipiet
1344 984 1590 1048 solvere
1618 984 1703 1047 ad
1733 984 1916 1048 Pent.
1942 1004 2111 1048 anno
2140 988 2258 1047 etc.
2287 982 2476 1066 lxvj‘0

176 1078 253 1135 et
302 1071 666 1135 aedificabit
708 1072 736 1154 j
788 1070 1052 1134 domum
1096 1070 1521 1135 sufficientem
1562 1070 1644 1134 de
1687 1070 1757 1152 iij
1805 1069 2028 1153 copuls
2079 1069 2160 1134 de
2210 1069 2377 1133 infra
2425 1070 2471 1153 ij

174 1177 408 1221 annos
439 1193 467 1205 -
496 1193 526 1205 -
556 1157 875 1222 Gress’ma
903 1163 968 1221 et
997 1157 1180 1221 firma
1207 1156 1401 1241 primi
1445 1157 1600 1220 anni
1644 1157 2086 1221 condonantur
2114 1156 2196 1220 ad
2223 1176 2475 1241 repara-

176 1263 478 1308 cionem.
510 1280 538 1292 -
569 1279 597 1291 -

275 1329 643 1393 ’ΨΜ-Μ’.
760 1329 1144 1413 Injunctum
1215 1336 1315 1393 est
1369 1328 1745 1393 tenentibus
1802 1329 2011 1394 tocius
2069 1327 2245 1394 villae
2301 1327 2477 1412 quod

179 1417 492 1480 habeant
510 1416 540 1498 j
574 1435 981 1481 communem
1009 1415 1269 1479 faldam.
1301 1451 1327 1462 -
1358 1451 1385 1462 —

278 1503 492 1566 FRRY.
580 1501 790 1565 Adam
835 1501 1168 1585 Grandorg
1210 1500 1381 1584 cepit
1423 1521 1631 1565 unum
1673 1502 1992 1586 cotagium
2021 1502 2195 1585 quod
2223 1501 2476 1565 Willel-

186 1609 351 1653 mus
396 1587 575 1651 filius
620 1588 918 1671 Hugonis
962 1588 1140 1670 prius
1183 1587 1399 1651 tenuit
1440 1595 1508 1651 et
1551 1607 1806 1651 sursum
1847 1587 2131 1652 reddidit
2179 1587 2264 1652 ad
2313 1607 2476 1670 opus

181 1675 411 1759 ipsius
457 1673 655 1738 Adae:
713 1673 989 1739 habend'
1048 1679 1115 1738 et
1170 1673 1428 1738 tenend'
1487 1672 1580 1737 ad.
1622 1681 1802 1738 term.
1854 1674 2008 1738 vitae
2066 1693 2236 1737 suae:
2300 1673 2474 1736 redd.

183 1762 546 1844 antiquam
598 1759 850 1824 firmam
878 1798 908 1809 -
938 1799 981 1824 -.
1098 1761 1185 1823 Et
1242 1759 1577 1824 sciendum
1633 1759 1809 1842 quod
1866 1758 2209 1842 praedictus
2263 1757 2480 1822 Adam

183 1847 600 1913 sufficienter
641 1846 965 1930 reparabit
1005 1845 1384 1929 praedictum
1427 1845 1749 1929 cotagium
1794 1850 1860 1910 et
1895 1843 2240 1909 aedificabit
2280 1864 2480 1908 unam

358 1933 537 2016 giam
564 1933 736 1996 infra
762 1933 999 1998 scitum
1029 1932 1320 2015 praedicti
1363 1932 1599 2016 cotagii
1637 1931 1808 1995 infra
1852 1930 2013 1996 duos
2056 1950 2260 1996 annos
2302 1950 2477 2014 proX.

186 1954 475 2085 {tuma
572 2019 745 2103 Pleg.
807 2019 886 2084 de
958 2019 1361 2103 reputacione
1470 2017 1721 2083 raedicti
1776 2017 2009 2102 cotagii
2066 2016 2339 2083 Thomas
2398 2017 2479 2082 de

190 2106 617 2190 Bycheburm
691 2111 759 2171 et
824 2105 905 2170 de
968 2106 1233 2189 grangia
1294 2104 1400 2169 W'
1459 2105 1667 2169 elmus
1739 2105 1914 2169 filius
1971 2104 2286 2190 Hugonis.
2375 2105 2478 2168 De

185 2193 476 2277 gres'ma
510 2192 609 2256 δᾶ.

294 2369 485 2429 1364.
531 2363 1147 2447 111.2-[1n‹101·sed
1183 2365 1254 2428 in
1284 2363 1605 2428 medieval
1633 2364 1864 2449 figures
1894 2372 1929 2398 “
1956 2365 2202 2449 1364.”]

288 2503 303 2515 .
352 2501 369 2515 .
416 2500 431 2516 .
462 2466 704 2551 WoBTH
734 2500 747 2513 .
798 2502 809 2513 .
859 2501 873 2514 .
904 2449 1235 2551 willelmo
1266 2450 1437 2533 quod
1460 2451 1740 2534 reparari
1768 2451 1962 2516 faciat
1990 2472 2183 2516 unam
2217 2451 2480 2516 domum

190 2538 1001 2689 fssffleffieiffi
1017 2557 1099 2686 ἒξ
1116 2536 1694 2688 ’53ἓέξὲέῆᾞέ
1711 2538 2480 2690 &maists-³132&

188 2711 410 2795 ipsius
441 2710 488 2774 J
490 2709 779 2774 ohannis.

287 2798 668 2869 INQUISITIO
699 2796 922 2860 MORAE
952 2811 1038 2859 DE
1066 2795 1475 2860 WARDELAY.
1555 2796 1973 2878 Compertum
2002 2801 2104 2859 est
2129 2816 2243 2879 per
2271 2816 2476 2861 sacra-

192 2889 503 2948 mentum
531 2918 559 2930 -
590 2918 617 2930 -
647 2881 822 2965 quod
878 2888 1174 2947 tenentes
1234 2882 1314 2946 de
1372 2881 1593 2966 Magn’
1650 2880 2063 2944 Wsseworth'
2109 2894 2478 2965 nuncquam

192 2972 614 3034 intraverunt
640 2969 713 3031 in
755 2969 933 3033 mora
974 2968 1053 3033 de
1096 2968 1443 3050 Wardelay
1473 2973 1624 3032 ante
1667 2966 1973 3029 ultimum
2016 2971 2272 3050 tempus
2303 2968 2478 3051 quod

193 3056 382 3121 Scoti
411 3054 903 3119 combusserunt
930 3054 1190 3118 villatas
1220 3054 1299 3118 de
1329 3052 1696 3129 Heworths‚
1727 3052 1973 3117 scilicet
2001 3053 2174 3135 quod
2195 3061 2480 3137 pastores

193 3143 279 3207 de
333 3141 715 3206 Vsseworth
766 3147 833 3205 et
884 3140 1234 3206 Heworthe
1285 3141 1578 3205 solebant
1619 3139 1838 3203 venire
1882 3159 2031 3203 cum
2073 3140 2306 3204 averiis
2345 3142 2480 3205 suis

193 3249 412 3313 usque
472 3228 555 3291 ad
613 3226 957 3311 quemdam
1007 3228 1223 3291 locum
1273 3233 1573 3291 vocatum
1631 3225 1694 3289 le
1755 3224 2184 3291 Blakletch'm
2241 3227 2324 3291 ad
2379 3229 2480 3292 in-

194 3316 502 3380 feriorem
531 3321 778 3398 partem
811 3313 1097 3397 ejusdem
1128 3319 1196 3377 et
1225 3313 1318 3377 ibi
1350 3333 1418 3377 se
1462 3362 1476 3377 .
1525 3363 1538 3377 .
1588 3363 1599 3377 .
1646 3314 1927 3376 invicem
1970 3312 2191 3378 ludere
2235 3314 2483 3380 scilicet

196 3409 349 3486 post
380 3401 893 3466 combustionem
922 3399 1299 3483 praedictam
1327 3400 1447 3463 viz.
1494 3420 1610 3482 per
1636 3399 1891 3482 lapsum
1921 3399 1991 3463 xl
2022 3420 2338 3465 annorum
2366 3422 2483 3486 per

194 3491 378 3552 vices
430 3487 564 3551 ten’
619 3486 700 3550 de
746 3487 987 3570 Magna
1036 3485 1410 3551 Usseworth
1455 3535 1467 3549 .
1517 3536 1530 3550 .
1578 3537 1589 3548 .
1636 3506 1752 3569 pro
1806 3507 1880 3550 eo
1933 3489 2106 3570 quod
2149 3488 2354 3552 villat’
2398 3489 2481 3552 de

198 3574 524 3639 Heworth
554 3573 671 3636 diu
701 3579 885 3638 vasta
913 3573 1281 3637 existebant
1310 3611 1335 3621 -
1368 3607 1396 3619 -

283 3661 714 3724 WERMOUTH.
800 3659 1180 3743 Injunctum
1228 3664 1327 3722 est
1369 3658 1496 3742 jur'
1550 3657 1740 3722 istius
1791 3656 1967 3721 villae
2026 3663 2093 3722 et
2135 3658 2340 3722 villat’
2401 3660 2481 3723 de

194 3747 480 3812 Fulwell
525 3751 593 3811 et
640 3745 962 3828 Suthwyk
991 3744 1164 3828 quod
1208 3745 1588 3808 mandatum
1619 3795 1632 3807 .
1666 3794 1679 3809 .
1713 3796 1724 3808 .
1759 3744 1931 3827 apud
1962 3743 2345 3807 Wermouth
2376 3745 2481 3809 die

195 3834 255 3898 S.
299 3833 599 3916 Gregorii
643 3852 817 3915 prox,
864 3831 1063 3895 futur'
1108 3836 1174 3894 et
1216 3830 1309 3894 ibi
1353 3830 1620 3894 videant
1649 3836 2092 3914 purpresturas
2137 3830 2338 3895 factas
2367 3850 2483 3914 per

196 3920 553 3984 Ricardum
613 3917 1030 4001 Raynaldson
1090 3922 1157 3981 et
1215 3917 1412 3980 etiam
1469 3917 1531 3981 16
1600 3923 1962 3997 merstanys
2019 3916 2189 3981 inter
2245 3922 2481 3982 terram

194 4007 470 4071 Domini
514 4010 582 4069 et
620 4010 856 4068 terram
898 4004 1169 4069 liberam
1219 4003 1423 4086 ipsius
1470 4002 1731 4066 Ricardi
1783 4008 1849 4066 et
1892 4002 1950 4066 si
1993 4010 2483 4068 ammoneantur

196 4098 632 4179 reponeantur
676 4111 766 4167 ea,
812 4097 877 4155 et
909 4090 1066 4174 quid
1097 4089 1248 4152 inde
1299 4089 1568 4154 fecerint
1612 4088 1964 4154 certificent
2005 4091 2087 4154 ad
2129 4092 2306 4173 prox'
2352 4092 2482 4155 cur'

192 4182 313 4246 sub
343 4199 547 4265 poena
583 4177 669 4242 di'
699 4179 907 4242 marc’.
996 4176 1086 4239 Et
1129 4175 1366 4240 sciend'
1397 4175 1572 4258 quod
1601 4174 1947 4259 praedictus
1979 4176 2292 4241 Ricardus
2335 4197 2481 4261 pro-

188 4269 368 4333 misit
401 4264 585 4350 quod
615 4264 754 4348 ipse
783 4263 1005 4329 venire
1037 4262 1233 4326 faciet
1261 4262 1321 4325 le
1353 4262 1733 4325 merkstans.

269 4356 629 4420 FULWELL,
721 4350 1103 4433 Injunctum
1154 4353 1254 4413 est
1305 4346 1597 4413 «Iohanni
1648 4349 1805 4411 Grai
1856 4349 2163 4412 servienti
2213 4348 2481 4411 Domini

184 4443 357 4528 apud
404 4436 692 4504 Fulwen
720 4436 894 4520 quod
922 4435 1247 4499 wrekcum
1292 4434 1487 4499 maris
1532 4435 1813 4517 positum
1861 4434 2088 4497 subtus
2132 4433 2196 4497 le
2239 4432 2479 4515 Hough
