3042 5034
542 437 623 496 66
1062 445 1378 495 amon
1404 445 1775 496 Pmonu'us
1805 397 2293 498 nonanms.
2639 439 2829 502 1367.

636 608 821 682 1367,
866 603 1100 671 III.—.
1147 654 1163 669 .
1209 655 1224 669 .
1269 603 1376 669 die
1406 604 1642 668 Martis
1687 604 1868 689 [Feb.
1901 605 2014 689 29]
2056 625 2239 690 prox.
2283 611 2434 691 post
2475 608 2723 673 festum
2767 610 2831 675 S.

542 691 817 758 Mathiae
871 690 1177 776 Apostoli
1232 689 1409 775 [Feb.
1474 690 1584 774 24]
1624 741 1639 757 .
1688 741 1703 756 .
1749 740 1763 755 .
1808 691 2005 776 lxvij⁰
2098 695 2340 759 1367-8
2371 718 2436 747 --
2469 694 2553 780 Β]
2612 716 2832 761 eoram

541 779 822 844 dominis
842 778 1107 843 Thomae
1129 778 1399 862 Surtays
1421 776 1836 856 seneschallo,
1859 778 1942 841 Ri
2092 800 2131 844 o
2152 779 2233 844 de
2254 780 2547 865 Birtelay
2564 783 2834 848 terrario

543 916 559 933 .
604 915 619 932 .
665 915 682 933 .
728 866 848 951 [“3
878 871 1111 930 turnus
1142 865 1649 930 Halmotorum”
1678 865 1974 929 indoroed
2000 866 2077 930 in
2104 887 2149 930 a
2179 868 2482 932 medional
2507 869 2737 954 hand]

632 1003 647 1017 .
695 1004 708 1017 .
755 1004 768 1018 .
817 953 1145 1037 [precedes
1188 950 1643 1036 BILLINGHAM]
1698 950 2019 1016 Robertus
2056 953 2235 1037 Ayer
2282 954 2484 1020 habet
2526 955 2705 1020 diem
2751 955 2834 1021 sd

541 1040 815 1125 proxim'
835 1039 921 1104 ad
940 1037 1359 1104 hostendend'
1380 1044 1449 1103 et
1475 1037 1905 1102 satisfaciend'
1933 1039 2217 1105 Domino
2235 1061 2348 1124 pro
2377 1042 2627 1108 herieto
2657 1047 2724 1107 et
2752 1042 2835 1108 sd

540 1125 917 1191 faciendum
937 1126 1223 1190 Domino
1239 1124 1612 1210 homagium
1636 1130 1704 1190 et
1725 1124 2108 1191 fidelitatem
2121 1128 2315 1212 juxta
2337 1129 2613 1193 formam
2641 1136 2832 1194 eartae

547 1233 700 1277 suae.
2663 1243 2668 1248 ·

630 1299 1071 1364 WOLUESTON.
1161 1348 1175 1363 .
1223 1348 1237 1363 .
1287 1348 1301 1364 .
1347 1296 1717 1382 Sleghnogh
1760 1297 1842 1362 de
1885 1318 1964 1363 eo
2005 1300 2180 1383 quod
2220 1301 2496 1386 projecit
2537 1302 2832 1368 musterd

546 1384 686 1451 seid
716 1387 791 1449 in
817 1384 1089 1470 gardino
1116 1405 1236 1450 suo
1282 1434 1296 1449 .
1344 1435 1359 1450 .
1410 1433 1425 1449 .
1474 1390 1563 1449 2s.
1595 1383 1678 1449 de
1705 1385 2146 1451 misericordia
2178 1387 2278 1454 δᾶ.

638 1472 998 1558 [ΗΕΒΒΠΒΝ
1016 1471 1069 1557 ³]
1160 1471 1263 1537 De
1291 1470 1627 1536 Willelmo
1671 1471 1826 1536 Bolt
1863 1480 1933 1537 et
1972 1472 2260 1539 Mariota
2300 1495 2502 1540 uxore
2541 1477 2689 1558 ejus
2717 1496 2834 1560 pro

538 1557 1060 1712 ffipssfflff
1084 1558 1771 1729 8ῗὲἕὲὥωῖἒέ
1793 1563 2176 1710 ῗὲἑῖἒέἶ
2217 1561 2482 1733 ‘'3⁶‘th
2501 1562 2835 1732 3531323

546 1736 675 1800 viri
720 1736 825 1800 sui
868 1734 942 1798 in
991 1733 1207 1799 Heb'n
1250 1731 1331 1797 de
1372 1732 1576 1796 libera
1611 1733 1797 1796 firma
1836 1752 1952 1815 pro
1996 1734 2156 1818 xviij
2202 1735 2391 1800 annis
2433 1735 2679 1819 elapsis
2722 1756 2837 1821 pro

548 1823 842 1906 quolibet
885 1841 1058 1886 anno
1105 1818 1246 1884 20d.
1293 1839 1409 1903 per
1448 1819 1624 1903 ipsos
1667 1818 2010 1884 conselatis
2060 1826 2189 1885 238.
2246 1820 2345 1886 4d.
2433 1822 2539 1886 De
2591 1823 2837 1889 eisdem

548 1908 882 1976 Willelmo
911 1913 978 1972 et
1006 1927 1204 1972 uxore
1232 1907 1372 1989 ejus
1401 1906 1559 1989 quia
1587 1905 1708 1970 hoo
1736 1905 2226 1971 oonselaverunt
2257 1907 2520 1993 [blan-k}

639 1995 969 2078 [Between
1002 1995 1350 2058 Hnwon‘rn
1380 1992 1508 2056 and
1540 1993 2062 2079 Hn'rnnwonrn]
2151 1994 2253 2059 De
2284 1994 2518 2059 Idonia
2538 2015 2690 2079 quae
2710 1995 2840 2060 fuit

549 2101 715 2145 uxor
762 2080 1026 2144 Thomas
1075 2078 1354 2144 Yardolf
1396 2084 1591 2163 prout
1641 2085 1952 2143 taxantur
1996 2080 2139 2165 [sic]
2183 2100 2299 2164 per
2331 2082 2459 2164 jur'
2506 2103 2626 2167 pro
2670 2102 2838 2148 mer-

552 2167 760 2243 eheto,
796 2171 886 2230 2s.

640 2252 1059 2316 WEBMOUTH.
1149 2301 1162 2316 .
1211 2300 1225 2314 .
1271 2301 1284 2315 .
1330 2252 1504 2334 oepit
1533 2272 1737 2315 unum
1766 2253 2166 2337 mesuagium
2195 2259 2262 2319 et
2291 2254 2431 2339 xiiij
2453 2274 2636 2321 acras
2653 2261 2842 2321 terrae

552 2359 699 2424 quae
741 2339 1008 2403 fuerunt
1050 2338 1122 2402 in
1160 2344 1392 2402 tenura
1436 2338 1701 2403 Roberti
1744 2338 2004 2403 Car-ter:
2049 2339 2322 2406 hebend'
2364 2348 2432 2406 et
2475 2392 2488 2405 .
2537 2391 2550 2405 .
2602 2393 2615 2408 .
2662 2342 2840 2408 redd.

550 2446 614 2510 p.
662 2446 715 2490 a.
766 2423 1105 2508 antiquam
1148 2423 1415 2501 firmam,
1466 2424 1777 2490 videlicet
1826 2431 1990 2492 l4s.:
2034 2426 2405 2511 incipiendo
2457 2427 2710 2495 solvere
2756 2429 2843 2494 ad

550 2514 791 2577 festum
822 2512 1005 2577 Pent.
1037 2531 1207 2576 anno
1235 2510 1521 2575 Domino
1552 2517 1669 2576 eto.
1699 2512 1908 2576 lxix⁰z
1995 2512 2084 2577 Et
2126 2514 2419 2579 faciendo
2447 2515 2737 2581 Domino
2771 2524 2845 2582 et

551 2599 787 2664 vicinis
815 2618 962 2683 quae
1004 2597 1409 2663 incumbunt.
1499 2598 1673 2683 Pleg.
1710 2635 1738 2647 -
1782 2636 1809 2648 -
1854 2598 1942 2662 Et
1967 2599 2142 2665 idem
2172 2600 2486 2666 Ricardus
2511 2604 2847 2686 reparabit

551 2707 751 2752 unam
779 2686 1045 2751 domum
1074 2684 1499 2750 sufficientem
1526 2705 1643 2768 pro
1673 2705 1852 2749 mora
1869 2706 2022 2766 sua;
2065 2694 2133 2752 et
2153 2687 2419 2753 habebit
2440 2688 2521 2753 de
2548 2689 2844 2755 Domino

553 2795 671 2859 pro
700 2773 1109 2858 reparaeione
1144 2778 1276 2837 20s.
1310 2770 1432 2848 4d.,
1461 2776 1530 2835 et
1558 2770 1859 2836 similiter
1887 2772 2209 2838 Dominus
2237 2775 2531 2840 inveniet
2557 2777 2624 2841 ei
2644 2796 2848 2842 mere-

553 2862 761 2926 mium
804 2865 872 2926 et
912 2859 1293 2943 prsediotum
1337 2857 1718 2923 meremium
1760 2857 2110 2924 ealiabitur
2149 2861 2321 2926 inter
2361 2862 2723 2927 Dominum
2773 2871 2847 2929 et

552 2949 785 3033 ipsum.
896 2947 983 3010 Et
1032 2946 1414 3030 praediotum
1464 2944 1868 3028 mesuagium
1914 2952 1980 3010 et
2030 2950 2266 3011 terram
2324 2950 2724 3014 sustentabit
2772 2958 2847 3016 et

554 3034 1004 3100 manutenebit
1046 3032 1437 3097 sufficienter
1479 3051 1640 3115 quas
1669 3031 1764 3096 sio
1794 3031 2082 3098 dimittet
2119 3033 2192 3098 in
2234 3034 2363 3099 fine
2405 3036 2672 3100 termini
2717 3039 2841 3103 sui.

554 3120 644 3185 Et
678 3120 792 3185 dat
819 3139 935 3202 pro
964 3120 1252 3202 gres’m’a
1299 3118 1476 3182 12d.:
1519 3117 1921 3183 condonatur
1956 3140 2074 3204 per
2110 3121 2465 3187 terrarium.
2553 3123 2643 3187 Et
2676 3144 2841 3209 prae-

554 3207 801 3271 dietam
844 3204 1112 3269 domum
1162 3204 1507 3269 aedifioabit
1550 3204 1945 3270 sufficienter
1984 3213 2138 3272 ante
2181 3208 2420 3272 festum
2465 3208 2528 3274 S.
2561 3210 2844 3276 Martini

553 3312 731 3376 prox,
777 3310 1069 3374 sequens.
1084 3325 1216 3356 —.
1265 3342 1278 3357 .
1326 3341 1340 3357 .
1387 3298 1487 3356 est
1530 3292 1697 3376 pros'
1744 3312 1972 3358 versus
2026 3294 2380 3359 Robertum
2432 3296 2844 3376 Sausmaker,

556 3379 638 3444 de
666 3376 1102 3443 misericordia
1135 3376 1234 3442 δᾶ.

643 3462 1040 3550 F[ULWELL].
1128 3462 1341 3528 Alieia
1386 3484 1534 3548 quae
1583 3463 1715 3529 fuit
1765 3485 1928 3529 uxor
1978 3465 2277 3551 Hugonis
2327 3467 2451 3532 filii
2503 3468 2842 3556 Greggorii

554 3553 738 3620 venit
795 3553 867 3617 in
925 3551 1056 3616 cur'
1107 3557 1175 3615 et
1234 3550 1408 3635 oepit
1466 3550 1598 3615 duo
1657 3550 1824 3616 tofta
1873 3571 2026 3617 cum
2075 3552 2327 3620 duabus
2386 3556 2635 3621 tenuris
2688 3578 2841 3642 quae

551 3647 820 3706 vocatur
849 3637 1460 3723 Plughsuaynland:
1505 3636 1782 3702 hebend’
1811 3643 1879 3703 et
1906 3640 2164 3705 tenend’
2194 3640 2280 3705 ad
2307 3647 2488 3707 term.
2517 3643 2675 3708 vitae
2702 3665 2842 3710 suae

553 3734 629 3793 ut
659 3728 739 3793 de
761 3729 909 3812 jure
936 3725 1190 3790 viduae:
1232 3723 1406 3790 redd.
1437 3745 1497 3809 p.
1530 3744 1586 3790 a.
1621 3729 1750 3789 28s.
1781 3744 1928 3808 quae
1968 3726 2152 3810 prius
2193 3728 2479 3792 reddidit
2524 3734 2655 3795 268.
2692 3732 2841 3797 8d.:

551 3813 923 3897 incipiendo
952 3812 1197 3878 solvere
1226 3812 1310 3877 ad
1337 3812 1579 3876 festum
1609 3811 1793 3876 Pent.
1826 3832 1996 3877 anno
2026 3813 2298 3878 Domini
2325 3819 2442 3880 eto.
2474 3815 2656 3881 lxix⁰.
2750 3818 2840 3882 Et

553 3900 806 3964 invenit
856 3899 951 3982 iiij
991 3918 1169 3963 acras
1216 3899 1410 3962 unius
1450 3917 1700 3962 arrurae.
1790 3897 1878 3962 Et
1912 3899 2107 3965 faciet
2150 3901 2435 3965 Domino
2483 3909 2550 3967 et
2599 3903 2841 3970 vicinis

552 4006 698 4069 quae
746 3985 1149 4048 incumbunt.
1239 3984 1327 4049 Et
1356 3984 1611 4049 invenit
1637 3983 1799 4068 pleg.
1845 4020 1874 4033 -
1917 4023 1945 4035 -
1999 3986 2304 4052 Gres’m’a
2335 3993 2424 4053 6s.
2456 3988 2559 4053 sd.
2582 4028 2706 4055 —.
2757 4040 2773 4057 .
2823 4042 2836 4057 .

550 4072 681 4136 our'
734 4076 802 4135 et
859 4090 930 4134 ce
977 4070 1033 4134 it
1093 4090 1297 4133 unum
1347 4071 1589 4135 toftum
1639 4075 1709 4136 et·
1757 4071 1896 4154 xxij
1959 4092 2137 4137 acras
2194 4073 2429 4139 ultimo
2478 4075 2550 4139 in
2603 4083 2842 4143 tenura

551 4156 851 4242 Hugonis
894 4091 1015 4220 fifii
1059 4155 1429 4241 Greggorii:
1476 4156 1752 4223 habend'
1796 4207 1810 4222 .
1857 4207 1870 4223 .
1919 4207 1935 4225 .
1979 4160 2154 4225 redd.
2198 4161 2537 4245 antiquam
2581 4162 2836 4229 firmam

547 4253 615 4310 et
644 4243 862 4311 debita
889 4241 1195 4308 servicis:
1237 4250 1307 4308 et
1326 4244 1601 4310 faciend'
1622 4244 1909 4309 Domino
1930 4250 1999 4309 et
2019 4246 2256 4312 vicinis
2279 4267 2425 4330 quas
2444 4248 2840 4316 incumbunt

546 4382 559 4395 .
608 4382 620 4395 .
670 4382 683 4396 .
729 4331 969 4396 festum
999 4329 1182 4393 Pent„
1220 4349 1391 4394 anno
1421 4331 1693 4395 Domini
1725 4337 1846 4396 etc.
1873 4331 2047 4396 lxix⁰
2076 4332 2250 4417 Pleg.
2284 4371 2309 4383 -
2342 4371 2367 4383 -
2400 4372 2425 4384 -
2457 4334 2545 4399 Et
2573 4337 2691 4402 dat
2715 4357 2836 4422 pro

542 4417 828 4499 gres’m’e
879 4420 964 4479 6s.
1017 4414 1118 4481 sd.
1206 4415 1295 4479 Et
1337 4464 1350 4478 .
1400 4466 1411 4478 .
1462 4467 1474 4481 .
1522 4417 1997 4481 deteriorantur
2047 4418 2129 4483 ad
2165 4420 2527 4485 valenciam
2572 4427 2724 4502 268„
2755 4424 2838 4490 de
