3042 5034
270 497 460 557 1368.
799 507 1114 558 HALMOTA
1144 507 1510 558 PRIORAT'US
1541 508 2022 561 DUNELMENSIS.
2467 503 2549 563 69

352 667 596 732 ACLEY.
715 665 1099 751 Injunctum
1156 671 1258 731 est
1328 666 1630 732 omnibus
1702 669 2078 734 tenentibus
2137 669 2314 735 villae
2371 671 2546 755 quod

258 753 551 818 habeant
580 773 786 817 unum
816 772 1223 818 communem
1253 773 1602 818 messorem
1634 754 1806 819 infra
1832 755 1995 821 duas
2024 757 2436 841 septimanas.
2458 795 2547 808 —

261 842 374 905 De
402 840 653 904 Thoma
695 840 1057 904 Perkinson
1086 845 1154 904 et
1180 840 1229 904 J
1228 839 1483 905 ohanne
1528 841 1835 906 Fermour
1855 842 2011 926 quia
2052 863 2184 907 non
2211 864 2547 928 reparave-

255 932 422 991 runt
452 926 717 991 domum
759 926 1207 991 com'unatoris
1248 933 1444 1010 prout
1484 928 1856 1011 injunctum
1903 928 2035 993 fuit
2076 929 2171 994 eis
2214 930 2285 994 in
2313 930 2549 995 ultima

260 1013 469 1090 curia,
505 1012 645 1077 12d.
736 1012 956 1096 [136⁷,
988 1012 1118 1077 III.
1154 1013 1356 1090 reads,
1387 1013 1721 1098 “reparari
1751 1014 1994 1080 faciant
2026 1017 2372 1081 tenement'
2401 1037 2546 1102 pro·

261 1101 454 1166 strat’
484 1099 681 1164 officii
710 1099 1150 1183 comunarii.”]

355 1187 965 1250 EST-MERYNGTON.
1054 1185 1436 1270 Injunctum
1480 1193 1582 1251 est
1622 1188 1924 1253 omnibus
1954 1188 2328 1255 tenentibus
2356 1189 2548 1254 istius

255 1273 447 1337 vfflae
474 1277 543 1338 et
569 1272 874 1337 villarum
901 1272 983 1337 de
1027 1272 1595 1358 Mid-Meryngton
1639 1280 1707 1338 et
1735 1275 2344 1361 West-Meryngton
2372 1277 2547 1361 quod

258 1360 554 1425 habeant
573 1379 772 1424 unam
802 1379 1211 1424 communem
1241 1379 1589 1424 messorem
1619 1360 1780 1426 citra
1808 1362 2047 1427 festum
2077 1363 2137 1427 S.
2172 1363 2366 1428 Petri.

356 1447 557 1512 FERY.
648 1446 1031 1530 Injunctum
1058 1450 1160 1511 est
1188 1446 1490 1511 omnibus
1518 1448 1893 1513 tenentibus
1914 1449 2090 1514 villae
2112 1449 2288 1533 quod
2315 1451 2548 1533 nequis

262 1538 521 1617 ponant
564 1532 703 1617 [sic]
748 1552 947 1616 equos
989 1533 1061 1596 in
1103 1539 1370 1617 pastura
1410 1533 1651 1598 bovum
1695 1535 1982 1620 exceptis
2011 1543 2291 1619 quatuor
2324 1536 2547 1601 liberis

259 1619 644 1685 hominibus
686 1639 961 1703 quorum
989 1620 1267 1703 quilibet
1295 1640 1516 1684 eorum
1545 1620 1810 1686 habebit
1846 1643 2053 1686 unum
2082 1642 2323 1706 equum
2355 1642 2548 1707 super

263 1727 469 1791 quem
499 1706 834 1790 equitabit.

357 1793 783 1858 Wmou'm.
859 1792 1240 1876 Injunctum
1271 1797 1371 1858 est
1400 1792 1728 1877 Mar-joriae
1755 1813 1901 1877 quae
1929 1794 2060 1858 fuit
2088 1814 2255 1858 uxor
2282 1793 2548 1859 Roberti

269 1880 501 1945 Carter
522 1879 882 1944 executrice
906 1879 1045 1964 [sic]
1068 1881 1443 1945 testamenti
1473 1880 1763 1964 ejusdem
1786 1880 2051 1945 Roberti
2072 1879 2247 1964 quod
2269 1881 2551 1965 reparari

267 1967 472 2032 faciat
513 1986 713 2031 unam
754 1966 1087 2051 grangiam
1130 1987 1305 2032 nunc
1348 1967 1420 2030 in
1461 1973 1696 2031 tenura
1739 1966 1998 2031 Ricardi
2031 1967 2310 2032 Watson
2353 1988 2549 2051 quam

266 2053 620 2137 praedictus
678 2052 998 2118 Robertus
1056 2053 1229 2138 cepit
1287 2052 1369 2117 ad
1419 2053 1791 2119 aedificand’.
1812 2090 1900 2104 —-
1924 2054 2398 2120 concordatum
2451 2060 2551 2119 est

270 2141 448 2205 inter
475 2140 523 2206 J
525 2139 841 2204 ohannem
887 2139 1157 2204 Douson
1199 2146 1267 2205 et
1308 2138 1683 2224 Marjoriam
1713 2140 1952 2218 Carter,
1980 2141 2151 2206 inter
2178 2161 2340 2225 quos
2369 2140 2452 2206 lis
2482 2147 2551 2206 et

271 2227 617 2292 contencio
663 2231 767 2291 est
819 2225 899 2290 de
945 2225 1133 2291 terris
1176 2232 1245 2291 et
1287 2227 1418 2291 ten’
1468 2226 1760 2310 praedicti
1807 2228 1852 2294 J
1856 2227 2132 2293 ohannis
2179 2248 2324 2312 quae
2374 2227 2545 2292 idem

269 2312 317 2378 J
319 2313 606 2378 ohannes
664 2317 733 2378 et
791 2312 1110 2378 Robertus
1169 2312 1392 2379 Carter
1447 2313 1776 2412 quondam
1833 2314 1936 2378 vir
1983 2314 2310 2399 praedictae
2373 2313 2549 2379 Mar-

261 2400 451 2485 joriae
479 2399 802 2465 debebant
838 2419 1296 2484 manuoperare
1338 2399 1619 2464 invmem
1648 2400 1732 2465 ad
1758 2401 2107 2466 terminum
2135 2403 2202 2486 vj
2233 2420 2550 2466 annorum

271 2486 452 2551 unde
510 2491 667 2552 sunt
727 2485 931 2570 elapsi
978 2491 1257 2570 quatuor
1313 2485 1488 2563 anni,
1546 2486 1722 2570 quod
1776 2487 2030 2571 praefati
2087 2489 2132 2553 J
2137 2488 2424 2552 ohannes
2484 2494 2552 2552 et

274 2573 591 2658 Marjoria
632 2571 1018 2637 dividabunt
1061 2572 1231 2637 inter
1274 2592 1343 2637 se
1373 2578 1700 2638 vestm-am
1741 2574 1940 2659 hujus
1983 2575 2138 2638 anni
2182 2581 2249 2638 et
2293 2573 2552 2638 solvent

275 2659 645 2725 adinvicem
672 2659 924 2723 firmam
954 2664 1021 2723 et
1062 2658 1191 2724 alia
1219 2678 1412 2724 onera
1453 2679 1661 2744 usque
1688 2660 1929 2726 festum
1958 2660 2021 2724 S.
2052 2660 2324 2724 Martini
2366 2680 2547 2745 prox.

272 2747 589 2811 futurum.
675 2747 765 2810 Et
784 2745 1091 2830 praedicta
1106 2745 1418 2830 Mat-jeria
1438 2744 1622 2810 dabit
1647 2746 1955 2830 praedicto
1974 2745 2022 2811 J
2024 2745 2268 2810 ohanni
2293 2751 2382 2811 4s.
2406 2746 2549 2812 lod.

271 2834 376 2899 ob.
404 2853 523 2916 pro
565 2852 783 2897 arrura
810 2837 876 2896 et
905 2832 1152 2897 semine
1180 2831 1445 2909 vernali,
1473 2838 1542 2897 et
1567 2853 1686 2917 pro
1728 2831 2224 2897 deterioracione
2252 2834 2381 2895 ten’
2418 2837 2549 2897 lOs.

272 2920 362 2984 Et
407 2918 717 3003 praedicta
773 2918 1081 3002 Marjoria
1122 2918 1205 2984 de
1254 2917 1580 3003 praedictis
1627 2919 1814 2984 terris
1861 2924 1929 2983 et
1978 2919 2107 2982 ten’
2154 2916 2434 3000 amplius
2480 2939 2549 2983 se

271 3026 407 3071 non
434 3004 844 3071 intromittet.

364 3092 716 3158 FULWELL.
839 3091 945 3157 De
1000 3092 1048 3158 J
1051 3089 1304 3157 ohanne
1361 3091 1540 3175 Gray
1597 3095 1665 3156 et
1719 3089 1887 3174 Agn'
1947 3088 2276 3174 quondam
2349 3110 2551 3155 uxore

274 3177 562 3244 Simonis
621 3177 703 3243 de
759 3176 1141 3244 Moreslawe
1190 3178 1341 3262 quia
1390 3177 1743 3243 servientes
1795 3175 1899 3242 sui
1948 3177 2275 3262 fregerunt
2316 3197 2551 3261 panem

271 3265 548 3331 Domini
590 3265 730 3339 via,
756 3264 826 3348 iij
874 3264 1053 3330 albos
1096 3284 1297 3350 panes
1340 3265 1412 3328 in
1454 3264 1809 3330 cariacione
1851 3283 2076 3329 versus
2119 3263 2551 3349 Wyuestowe‚

276 3352 358 3418 de
387 3352 589 3416 altero
617 3371 837 3417 eorum
870 3351 970 3416 6d.

366 3438 682 3504 Somne.
753 3437 1080 3503 DimissiO.
1149 3437 1632 3502 lucrementum
1654 3437 1944 3503 redditus
1972 3444 2001 3502 1
2015 3438 2111 3503 2d.
2186 3437 2399 3504 Alicia
2419 3437 2555 3504 filia

273 3524 597 3590 willelmi
640 3524 999 3608 Swynherd
1042 3524 1216 3609 cepit
1258 3545 1467 3588 unum
1510 3526 1835 3610 cotagium
1863 3525 2038 3609 quod
2064 3524 2439 3590 Willelmus
2470 3524 2551 3589 de

276 3611 578 3676 Howden
617 3612 799 3695 prius
840 3610 1060 3676 tenuit
1101 3631 1178 3675 eo
1206 3610 1382 3695 quod
1424 3610 1645 3676 nullus
1673 3611 1755 3676 de
1793 3610 2105 3696 sanguine
2149 3610 2354 3695 ipsius
2383 3610 2552 3675 Wil-

270 3698 457 3764 lelmi
483 3718 601 3783 pro
629 3696 1002 3781 praedictam
1031 3698 1172 3782 [sic]
1202 3698 1324 3762 cot'
1353 3696 1541 3761 finire
1562 3697 1871 3762 voluerit:
1900 3695 2177 3761 habend'
2207 3701 2274 3761 et
2295 3696 2551 3760 tenend’

274 3785 359 3850 ad
388 3785 742 3850 terminum
768 3783 924 3849 vitae
953 3804 1119 3850 suae:
1149 3783 1322 3849 redd.
1353 3804 1413 3868 p.
1444 3803 1499 3848 a.
1535 3790 1623 3849 28.
1640 3782 1817 3867 quod
1843 3783 2026 3867 prius
2052 3781 2334 3846 reddidit
2370 3781 2510 3846 12d.
2537 3806 2552 3847 ε

273 3870 647 3956 incipiendo
690 3870 934 3935 solvere
984 3870 1068 3935 ad
1111 3871 1352 3935 festum
1403 3869 1679 3934 Martini
1728 3889 1906 3954 prox.
1952 3869 2263 3935 futurum.
2367 3869 2551 3953 Pleg.

276 3957 461 4044 [eta]
535 3957 625 4021 Et
653 3956 768 4022 dat
794 3977 911 4041 pro
938 3958 1204 4043 gres'ma
1235 3956 1381 4022 4od.
1404 3994 1491 4006 —
1511 3956 1617 4021 De
1659 3957 1706 4041 ij
1752 3955 2122 4020 hominibus
2168 3955 2407 4021 Scociae
2434 3975 2552 4040 pro

273 4043 562 4110 cultellis
606 4043 744 4108 suis
787 4044 1093 4109 extractis
1136 4044 1219 4108 ad
1260 4043 1668 4128 percussend’
1695 4042 2058 4107 Walterum
2100 4042 2297 4122 Yoill,
2327 4049 2394 4109 et
2435 4064 2551 4128 pro

269 4129 668 4197 contumelia
693 4132 867 4196 facta
895 4129 1068 4214 apud
1096 4130 1160 4196 le
1188 4129 1432 4207 Schels‚
1459 4129 1634 4194 unde
1679 4134 1815 4195 tota
1841 4128 2142 4194 vicinitas
2169 4131 2553 4195 monebatur

273 4217 356 4282 de
378 4218 509 4281 fine
538 4236 672 4283 suo,
760 4217 935 4302 Pleg'
964 4217 1181 4282 Adam
1209 4215 1290 4282 de
1320 4216 1561 4283 Birden
1591 4223 1659 4282 et
1679 4216 2007 4282 Walterus
2029 4216 2209 4280 Yoill
2241 4223 2373 4282 20s.
2461 4216 2552 4280 Et

269 4303 657 4388 praedictum
685 4309 1020 4389 argentum
1051 4309 1153 4368 est
1179 4303 1252 4368 in
1279 4323 1480 4368 manu
1507 4303 1758 4368 terrarii
1786 4323 2122 4388 quousque
2151 4302 2554 4368 excussiatur

272 4391 333 4456 si
360 4391 689 4454 Dominus
717 4391 1078 4475 Episcopus
1106 4389 1215 4454 vel
1242 4390 1427 4454 Prior
1456 4390 1615 4475 [σία]

362 4477 734 4542 HssmmN.
824 4477 1020 4543 Curia
1060 4481 1243 4541 tenta
1283 4476 1526 4541 ibidem
1569 4476 1675 4541 die
1711 4476 1986 4540 Veneris
2030 4475 2221 4557 [Aug.
2258 4475 2326 4557 4]
2371 4491 2550 4556 prox.

270 4570 426 4650 post
483 4562 723 4628 festum
787 4564 848 4629 S.
910 4562 1250 4628 Laurencii
1306 4582 1477 4628 anno
1536 4561 1807 4626 Domini
1866 4567 1983 4624 etc.
2042 4560 2275 4640 lxviij0.
2388 4556 2549 4638 [The
