3042 5034
216 512 249 570 1
271 512 319 570 3
330 511 484 571 66-1
499 513 578 572 36
589 511 645 573 7.
779 523 1097 572 HALMOTA
1126 522 1490 572 PRIORATUS
1519 523 2004 573 DUNELMENSIS.
2450 515 2526 573 61

213 681 644 747 Ordinatum
694 688 797 747 est
839 701 918 746 ex
963 681 1293 745 communi
1336 701 1604 746 assensu
1648 682 1878 766 nequis
1924 702 2147 747 eorum
2197 683 2531 767 permittet

210 789 493 852 porcos,
521 770 741 848 boves,
768 767 875 834 vel
902 768 1120 833 averia
1147 788 1266 833 sua
1294 769 1469 833 exire
1496 769 1724 833 villam
1753 770 1997 853 absque
2026 771 2376 835 custodia·
2404 777 2532 835 -et

213 855 422 938 quod
445 856 728 939 quilibet
749 875 972 920 eorum
998 861 1221 920 teneat
1240 854 1530 919 hirsill'-
1557 892 1588 902 -
1609 893 1696 905 —
1720 856 2213 920 Consideratum
2235 863 2334 922 est
2354 856 2528 941 quod

214 942 573 1007 Robertus
604 942 718 1027 [fil.
750 942 836 1006 Ri
863 941 1101 1042 erased]
1133 942 1383 1006 Hicson
1412 941 1677 1006 habebit
1707 942 1789 1006 ad
1816 943 2293 1042 reparacionem
2334 945 2531 1008 unius

216 1030 615 1094 tenementi
669 1029 1023 1094 vasti..
1068 1030 1142 1093 in
1198 1034 1430 1094 tenura
1486 1028 1647 1093 Adae
1703 1028 1856 1113 Day
1907 1029 1987 1093 de
2044 1029 2255 1114 ipsam
2314 1031 2531 1095 Adam

224 1121 269 1179 1
287 1121 384 1180 68.
412 1140 427 1179 :
478 1122 547 1180 et
589 1115 765 1181 idem
808 1115 1128 1180 Robertus
1171 1116 1546 1199 praedictam
1589 1114 1853 1180 domum
1902 1116 2073 1181 infra
2121 1117 2282 1182 duos
2327 1137 2531 1183 annos

218 1209 837 1354 555555013555
861 1201 2307 1356 §uffississssffissnffffiffifeffimssffii
2347 1204 2532 1355 Ἢ

222 1374 604 1459 mediately
646 1375 852 1440 below
897 1375 970 1453 it,
1011 1376 1083 1439 in
1126 1375 1241 1439 the
1286 1375 1537 1459 margin
1580 1376 1876 1490 opposite
1926 1382 1993 1441 to
2040 1377 2154 1442 the
2198 1377 2531 1462 following

227 1468 457 1545 entry,
481 1469 633 1527 are‘
635 1461 1017 1527 ‘Dimissim
1061 1462 1594 1527 lucrementum
1575 1463 1621 1547 1j
1647 1483 1694 1527 s.
1700 1463 1764 1547 '’]
1854 1464 2245 1530 Laurencius
2268 1466 2533 1529 Hunter

229 1556 307 1614 et
356 1550 681 1613 Robertus
727 1549 986 1613 Hikson
1028 1554 1339 1633 ceperunt
1379 1569 1587 1613 unum
1628 1555 2071 1614 tenementum
2115 1557 2181 1614 et
2223 1571 2315 1614 xv
2352 1571 2531 1617 acras

226 1639 435 1700 terrae
464 1636 841 1719 quondam
821 1656 892 1699 18
921 1641 1152 1700 tenura
1180 1636 1226 1700 J
1228 1635 1502 1700 01188818
1532 1635 1656 1699 filii
1698 1635 1956 1700 Ricardi
1986 1636 2067 1701 de
2097 1637 2532 1722 Meryngton:

231 1721 527 1787 habend’
557 1726 624 1786 et
650 1721 911 1788 tenend’
939 1722 1022 1786 ad
1052 1729 1235 1787 term.
1257 1723 1413 1787 vitae
1442 1743 1704 1787 eorum:
1739 1723 1912 1787 redd.
1945 1723 2261 1787 scaccario
2291 1725 2531 1789 Prioris

234 1829 369 1892 per
410 1829 625 1873 acram
672 1814 761 1874 68.
795 1809 889 1894 [et
937 1809 1224 1874 manerio
1266 1809 1348 1874 de
1393 1809 1788 1893 Meryngton
1831 1829 2025 1893 opera
2067 1808 2288 1874 debita
2330 1830 2531 1875 consu

232 1894 492 1995 erased]
538 1916 615 1960 ac
642 1896 929 1960 Domino
958 1900 1025 1961 et
1066 1897 1350 1961 manerio
1379 1895 1461 1962 de
1506 1897 1899 1980 Meryngton
1929 1895 2203 1960 servicia
2230 1903 2299 1961 et
2339 1917 2534 1981 opera

236 1982 477 2047 debita
504 1988 571 2047 et
606 1989 954 2047 consueta.
1005 1987 1073 2047 et
1100 1983 1482 2067 praedictum
1528 1987 1974 2047 tenementum
2016 1984 2534 2049 manutenebunt

234 2074 313 2134 et
346 2068 616 2152 [suste'b
644 2069 881 2154 erased]
923 2070 1384 2135 sustentabunt
1414 2069 1784 2153 sumptibus
1813 2070 1952 2135 suis
1980 2070 2316 2154 propriis·
2343 2095 2414 2137 -:
2464 2078 2532 2137 et

237 2156 415 2220 dant
442 2177 559 2240 pro
585 2157 858 2241 gres'ma
888 2155 1032 2222 40d.
1123 2156 1325 2240 [Vide
1449 2156 1580 2240 60]

340 2243 541 2309 FEBY.
628 2243 735 2308 De
782 2243 1026 2310 0801118
1075 2243 1139 2307 18
1196 2178 1739 2309 Pontferswoman
1794 2262 1912 2327 pro
1961 2243 2141 2328 layre
2196 2244 2408 2310 6d.—
2428 2245 2530 2310 De

236 2330 556 2394 omnibus
604 2329 981 2395 tenentibus
1027 2329 1205 2395 villae
1260 2334 1495 2415 praeter
1541 2328 1780 2395 liberos
1830 2336 2125 2396 tenentes
2184 2332 2341 2416 quia
2397 2352 2531 2395 non

239 2421 765 2500 conparaverunt
784 2416 925 2501 [sio]
942 2416 1273 2482 molend'·
1296 2454 1340 2483 -.
1416 2416 1796 2500 Injunctum
1820 2424 1920 2482 est
1941 2418 2034 2483 818
2052 2418 2227 2502 quod
2249 2419 2530 2501 cooperi-

238 2508 505 2570 antur.
611 2503 835 2570 .citra
880 2503 1267 2587 [proximam
1309 2504 1548 2587 erased]
1595 2503 1705 2587 [ad
1732 2505 1996 2570 vincula
2025 2505 2086 2569 S.
2118 2505 2296 2570 Petri
2336 2507 2533 2570 inter-

241 2590 455 2674 12:de
498 2553 631 2654 cur³
658 2627 688 2638 -
716 2628 748 2639 -
766 2629 857 2641 —
876 2591 980 2655 De
1022 2590 1353 2656 Willelmo
1381 2590 1462 2655 de
1506 2590 1759 2674 Bywell
1801 2611 2009 2675 nuper
2044 2591 2333 2676 pundero
2378 2592 2534 2676 quia

237 2677 551 2761 permisit
571 2682 851 2742 careotas
874 2678 1311 2743 extraniorum
1332 2677 1704 2742 conculcare
1733 2697 1977 2742 moram
2007 2698 2081 2742 80
2110 2678 2534 2743 880018108818

241 2763 392 2828 fieri
434 2763 507 2827 in
550 2763 742 2829 bosco
785 2764 1032 2829 domini
1074 2763 1249 2829 unde
1294 2765 1568 2849 ipsemet
1612 2765 1855 2848 recepit
1899 2763 2365 2828 commodum·
2396 2799 2424 2813 —
2442 2797 2534 2811 —

247 2849 645 2916 Ordinatum
688 2856 788 2916 est
816 2871 899 2917 ex
926 2851 1256 2916 communi
1297 2870 1567 2916 assensu
1607 2856 1746 2914 tam
1781 2850 1970 2914 liberi
2011 2869 2206 2932 quam
2237 2850 2350 2912 8111
2389 2850 2532 2935 [sic]

244 2938 389 3001 ten’
419 2937 667 3002 domini
688 2938 861 3022 quod
880 2938 1104 3003 nullus
1124 2938 1325 3002 intret
1345 2957 1649 3021 campum
1669 2956 1786 3020 pro
1807 2935 2039 3018 balkys
2062 2935 2385 3000 metandis
2413 2957 2534 3001 nec

244 3024 637 3109 permittent
663 3045 880 3125 equos,
909 3025 1123 3102 boves,
1151 3045 1394 3110 porcos,
1423 3023 1719 3088 bidentes
1750 3041 1868 3086 nec
1912 3020 2131 3104 aliqua
2159 3022 2374 3085 averia
2415 3042 2534 3088 sua

245 3112 434 3176 exire
488 3111 629 3175 vill'
687 3113 827 3177 8188
885 3112 1300 3177 custodiam-
1327 3149 1358 3159 -
1378 3148 1467 3159 —
1487 3109 1592 3175 De
1658 3108 1812 3193 [five
1868 3108 2117 3192 names]
2191 3108 2345 3210 quia
2401 3130 2534 3175 non

245 3198 575 3262 miserunt
602 3218 718 3282 pro
747 3199 1167 3263 tastatoribus
1207 3218 1327 3263 880
1353 3196 1704 3262 voluerunt
1729 3195 2009 3261 vendere
2051 3195 2390 3261 cervisiam
2418 3217 2535 3280 per

245 3285 379 3368 lag’
430 3305 529 3368 pe.
573 3304 694 3349 nec
745 3286 952 3370 quart’
1004 3293 1188 3350 extra
1238 3284 1504 3350 domum
1551 3303 1670 3348 nec
1713 3282 1900 3361 infra,
1947 3283 2028 3348 de
2071 3283 2363 3368 quolibet
2413 3285 2534 3363 6d.,

255 3378 349 3437 28.
387 3371 486 3436 δᾶ..
575 3372 623 3437 J
625 3371 911 3437 ohannes
955 3372 1131 3437 filius
1176 3371 1459 3437 Simonis
1499 3375 1568 3436 et
1610 3372 1656 3436 J
1657 3369 1943 3435 ohannes
1971 3370 2053 3436 de
2096 3336 2534 3458 Wodyngfeld

251 3459 659 3523 devenerunt
684 3459 969 3523 tastator'
997 3459 1284 3524 cervisiae
1310 3462 1504 3542 prout
1531 3463 1990 3542 praesentatum
2020 3463 2119 3523 est
2145 3479 2261 3543 per
2277 3460 2420 3542 jur'.
2444 3493 2533 3507 —

253 3546 641 3628 Injunctum
670 3552 771 3610 est
795 3546 1056 3610 Thomae
1083 3546 1164 3610 (18
1193 3545 1562 3610 Β10118111118
1589 3544 1765 3628 quod
1801 3545 2082 3630 reparari
2110 3545 2306 3610 faciat
2333 3566 2532 3611 unam

251 3651 578 3697 cameram
607 3632 779 3696 infra
806 3633 1130 3717 cotagium
1159 3652 1409 3697 suum-

341 3719 480 3783 Dm
508 3720 555 3784 J
557 3734 705 3783 0118
751 3718 1144 3804 [Thursday]
1189 3735 1360 3783 18011
1403 3733 1565 3782 1081
1610 3733 1868 3782 rusum
1917 3716 1979 3782 S.
2027 3717 2261 3781 MARCI
2289 3716 2534 3781 13311811-

254 3821 470 3871 818118
501 3805 720 3890 [April
752 3811 831 3870 25
893 3822 1075 3871 mo
1105 3814 1322 3870 1111110
1352 3805 1525 3890 [O.=
1461 3809 1620 3868 —29
1651 3804 1844 3889 April
1878 3802 2091 3887 1367}

344 3892 732 3957 HESYLDRN.
887 3913 924 3958 e
965 3892 1181 3958 Alicia
1220 3892 1283 3977 [“
1305 3941 1320 3956 .
1367 3941 1383 3957 .
1429 3890 1751 3974 e1.'’(s2·0,
1781 3910 1940 3956 even
1986 3910 2057 3954 as
2099 3894 2169 3953 to
2197 3888 2311 3954 the
2340 3887 2503 3968 dots,

254 3981 438 4045 above
490 3979 589 4044 the
637 3980 849 4063 name]
898 3977 1464 4063 Robinsdoughter
1512 3982 1580 4043 et
1635 3976 1734 4064 [‘.
1815 3977 2002 4042 ’two
2051 3978 2185 4042 dots
2233 3978 2405 4042 inser

254 4066 544 4132 Mariota
600 4064 680 4132 de
737 4066 1019 4132 Marton’
1071 4086 1186 4150 pro
1227 4065 1424 4149 leyre,
1481 4064 1655 4130 unde
1705 4065 1753 4130 J
1755 4063 2041 4129 ohannes
2098 4064 2179 4129 de
2230 4064 2533 4150 Raynton

251 4151 1592 4326 818-83881...-
1754 4151 2029 4303 5555
2050 4152 2166 4323 5²55
2185 4151 2535 4323 1555255535

251 4327 592 4413 capellano
626 4332 657 4391 1
671 4326 771 4393 2d.
793 4366 881 4378 —
904 4327 1009 4411 Inj
1017 4332 1286 4391 unctum
1315 4333 1417 4392 est
1446 4325 1724 4391 Ricardo
1766 4325 1902 4389 filio
1929 4324 2206 4390 Walteri
2234 4324 2409 4410 quod
2438 4345 2535 4389 re-

246 4415 468 4502 parari
495 4414 698 4479 faciat
724 4435 927 4478 unam
956 4434 1275 4479 cameram
1303 4434 1385 4478 ex
1413 4418 1598 4498 parte
1626 4411 1859 4478 boriali
1884 4411 2117 4475 111181-
2147 4448 2191 4476 -.
2267 4412 2535 4492 Injunc-

244 4510 393 4570 tum
416 4508 521 4569 est
541 4500 882 4567 Willelmo
913 4501 1193 4568 Currour
1219 4500 1393 4585 quod
1422 4500 1704 4585 reparari
1730 4498 1927 4563 faciat
1946 4515 2146 4559 unam
2166 4496 2430 4561 domum
2452 4515 2533 4560 ex
