3042 5034
525 475 645 536 174
1044 488 1360 537 HALMOTA
1389 487 1757 537 PRIORATUS
1786 487 2269 537 DUNELMENSIS.
2307 536 2318 546 ,
2624 478 2819 537 1382.

521 645 735 711 Alicia
793 647 1150 730 Herynger,
1195 646 1374 711 WilL
1422 645 1807 724 Fleshewer,
1854 645 2032 710 Will.
2088 646 2412 723 Littester,
2457 646 2616 730 quia
2674 667 2814 711 non

519 741 840 798 venerunt
869 734 951 798 ad
981 734 1244 798 curiam.

606 821 853 885 AGLRY.
945 820 1334 885 Ordinatum
1386 825 1488 884 est
1539 840 1620 884 ex
1673 840 1941 884 assensu
1984 819 2153 884 dom.
2202 827 2271 885 et
2314 820 2813 884 communitatis

521 906 713 985 villae,
741 906 917 992 quod
959 907 1183 971 nullus
1228 914 1358 972 ten.
1390 906 1558 972 dom.
1590 906 1767 971 villae
1810 907 1892 972 de
1919 907 2131 990 Acley
2168 914 2472 991 procuret
2515 907 2683 972 alios
2727 908 2811 971 de

521 994 667 1059 aliis
697 995 873 1059 villis
918 994 1003 1058 ad
1041 994 1336 1059 veniend.
1383 994 1557 1057 infra
1593 993 1825 1058 villam
1866 1014 1982 1078 pro
2026 993 2197 1058 malo
2240 994 2557 1071 faciend0,
2586 995 2696 1059 vel
2724 995 2811 1058 ad

521 1082 994 1165 procurandum
1038 1082 1321 1165 aliquem
1370 1088 1754 1145 extraneum
1806 1088 2030 1145 contra
2079 1080 2367 1164 aliquem
2424 1083 2811 1157 vicinorum,

520 1176 709 1233 nocte
727 1168 834 1233 vel
853 1169 979 1245 die,
997 1168 1119 1232 sub
1137 1188 1331 1251 poena
1353 1188 1465 1245 cs„
1483 1167 1772 1232 solvend.
1791 1175 1908 1232 etc.
1978 1168 2083 1251 Inj
2090 1175 2363 1232 unctum
2381 1176 2485 1232 est
2500 1170 2809 1233 omnibus

519 1263 649 1321 ten.
695 1255 890 1334 villae,
933 1254 1108 1339 quod
1163 1254 1385 1319 nullus
1429 1274 1653 1320 eorum
1711 1254 2095 1339 permittant
2137 1254 2358 1338 aliqua
2415 1257 2637 1319 averia
2690 1277 2810 1320 sua

518 1342 761 1406 intrare
789 1343 858 1405 in
890 1341 953 1405 le
981 1342 1036 1405 F
1035 1341 1322 1420 rsthfeld,
1353 1341 1480 1405 nisi
1509 1342 1731 1406 averia
1760 1342 2102 1419 trahentia,
2122 1350 2276 1406 ante
2304 1342 2448 1407 fest.
2481 1343 2545 1408 S.
2580 1343 2814 1418 Marci,

519 1429 642 1493 sub
671 1448 864 1511 poena
891 1428 963 1492 di
990 1448 1240 1505 marcae,
1270 1428 1556 1494 solvend.
1589 1434 1709 1493 etc.

604 1515 900 1580 BORDON.
993 1516 1097 1580 De
1154 1516 1400 1579 Thoma
1461 1516 1722 1592 Casson,
1765 1514 2059 1579 Waltero
2116 1515 2199 1579 de
2256 1516 2510 1580 Bieulw
2569 1516 2813 1582 herede

516 1602 780 1667 Thomae
802 1603 1045 1679 Surtas‚
1065 1602 1312 1666 Thoma
1334 1602 1416 1667 de
1439 1602 1714 1677 Bordon,
1736 1602 2054 1666 Katerina
2074 1602 2155 1666 de
2177 1603 2470 1686 Ingelby,
2492 1605 2648 1687 quia
2671 1625 2809 1668 non

515 1696 838 1754 venerunt
866 1689 950 1754 ad
980 1690 1224 1753 curiam
1253 1689 1370 1772 ijs.
1402 1691 1467 1773 vj
1496 1690 1554 1754 d.
1644 1690 1953 1754 Attwhed
1982 1696 2044 1753 to
2072 1689 2170 1753 the
2213 1690 2334 1753 roll
2377 1694 2647 1774 opposite
2676 1692 2813 1755 this

516 1785 698 1861 ento-y
715 1799 796 1841 on
823 1799 867 1840 a
885 1777 1258 1860 parchment
1288 1777 1443 1840 label
1472 1779 1532 1841 is
1560 1777 1660 1839 the
1672 1776 2008 1859 followinq
2036 1781 2181 1839 writ
2198 1776 2645 1842 .·—Johannes
2674 1779 2813 1843 Dei

513 1867 722 1948 gratia
749 1865 1110 1948 Episcopus
1141 1863 1444 1927 Dunelm.
1478 1863 1752 1927 Ballivis
1784 1863 2024 1927 Prioris
2054 1862 2356 1928 Dunelm.
2387 1864 2471 1928 de
2517 1865 2813 1941 Bul-don,

515 1952 820 2017 Salutem.
913 1951 1082 2028 Quia
1103 1971 1219 2034 per
1247 1969 1590 2015 commune
1617 1949 1964 2014 consilium
1991 1950 2173 2034 regni
2194 1951 2451 2035 Angliae
2466 1953 2810 2035 provisum

515 2045 616 2102 est
644 2038 818 2122 quod
848 2038 1124 2121 quilibet
1152 2037 1317 2101 liber
1345 2038 1539 2101 homo
1569 2038 1685 2121 qui
1730 2045 1971 2101 sectam
2001 2038 2194 2101 debet
2223 2039 2305 2102 ad
2351 2040 2601 2104 curiam
2629 2039 2809 2105 dom.

515 2125 616 2188 sui
648 2125 849 2189 libere
871 2126 1078 2208 possit
1098 2125 1307 2189 facere
1329 2131 1731 2188 attornatum
1753 2144 1948 2189 suum
1977 2124 2059 2188 ad
2089 2132 2333 2188 sectam
2361 2125 2548 2190 illam
2576 2147 2697 2210 pro
2731 2148 2811 2191 eo

514 2212 896 2287 faciendam,
937 2211 1123 2274 vobis
1168 2211 1571 2288 mandamus,
1601 2212 1775 2294 quod
1819 2217 2183 2275 attornatus
2223 2232 2419 2295 quem
2462 2213 2811 2291 Katerina,

515 2318 662 2381 quae
708 2298 837 2361 fuit
882 2318 1046 2360 uxor
1089 2297 1351 2361 Thomae
1393 2299 1477 2362 de
1522 2297 1798 2382 Ingelby
1844 2297 2166 2375 Chivaler,
2216 2319 2331 2382 per
2380 2299 2605 2365 literas
2649 2320 2810 2366 suas

512 2390 808 2469 patentes
839 2385 977 2448 loco
1009 2404 1126 2448 suo
1157 2393 1480 2449 attornare
1504 2385 1786 2449 voluerit
1813 2385 1897 2450 ad
1927 2391 2170 2449 sectam
2191 2406 2308 2469 pro
2338 2406 2407 2451 se
2437 2387 2809 2452 faciendam

513 2471 596 2535 ad
625 2472 888 2548 curiam,
916 2471 1109 2554 praed.
1142 2472 1398 2548 PrioriS‚
1428 2472 1510 2536 de
1550 2472 1813 2536 Burden
1857 2472 1999 2535 sine
2042 2471 2422 2538 difficultate
2451 2475 2808 2557 recipiatis.

510 2560 761 2623 Datum
796 2558 1099 2623 Dunelm.
1147 2578 1263 2641 per
1300 2579 1569 2622 manum
1613 2559 1915 2643 Hugonis
1946 2558 2026 2622 de
2056 2559 2395 2645 Westwyk
2429 2562 2811 2627 cancellarii

513 2646 734 2723 nostri,
765 2646 905 2729 xiiij
938 2645 1046 2710 die
1075 2646 1121 2710 J
1125 2646 1391 2721 anuarii,
1416 2666 1586 2710 anno
1616 2656 1793 2730 pont.
1826 2647 2034 2709 nostri
2061 2649 2357 2711 secundo.

598 2734 1092 2797 WALLESHEND.
1181 2733 1286 2796 De
1333 2733 1379 2797 J
1382 2733 1483 2798 oh.
1514 2732 1620 2797 del
1674 2734 1833 2797 Raw
1863 2732 2018 2816 quia
2064 2733 2237 2817 cepit
2276 2734 2303 2817 j
2347 2755 2591 2818 equum
2623 2736 2809 2801 Petri

512 2820 619 2886 del
649 2820 1010 2904 Redhough
1039 2820 1110 2883 in
1141 2839 1367 2903 campo
1399 2820 1480 2883 de
1511 2819 1951 2896 Walleshend‚
1979 2825 2048 2883 et
2075 2821 2294 2903 posuit
2321 2821 2393 2884 in
2416 2821 2594 2886 falda
2624 2825 2807 2908 apud

516 2909 786 2984 Benton,
817 2907 901 2972 ad
931 2908 1141 2989 damp.
1174 2908 1380 2990 ipsius
1411 2906 1590 2971 Petri
1617 2907 1665 2989 ij
1688 2907 1768 2984 d.‚
1798 2907 1879 2971 de
1909 2906 2060 2970 m’ia
2088 2908 2154 2990 vj
2180 2908 2237 2972 d.

601 2997 969 3060 HESILDEN.
1058 2993 1448 3058 Ordinatum
1479 3002 1580 3058 est
1608 2995 1679 3058 in
1711 2994 1890 3059 curia
1918 2993 2092 3077 quod
2123 2995 2442 3059 Robertus
2473 2996 2808 3064 firmarius

512 3085 737 3147 veniat
758 3082 842 3146 ad
865 3080 1134 3165 forgiam
1155 3081 1330 3144 villae
1353 3080 1646 3164 qualibet
1674 3081 2052 3165 septimana,
2074 3081 2101 3163 j
2124 3082 2248 3160 die,
2269 3102 2385 3166 pro
2406 3083 2596 3149 ferris
2615 3105 2805 3149 caru-

513 3190 733 3235 carum
775 3169 1093 3252 ponendis
1136 3175 1206 3231 et
1248 3168 1593 3232 accuandis
1623 3176 1692 3233 et
1719 3169 1867 3233 aliis
1905 3170 2283 3234 necessariis
2311 3170 2645 3248 faciendis,
2676 3172 2805 3237 viz.

515 3258 620 3321 die
650 3254 976 3319 Mercurii.

600 3343 1009 3406 MORESLAW.
1098 3341 1202 3405 De
1230 3341 1411 3405 will.
1444 3342 1598 3406 Scot
1641 3342 1797 3424 quia
1825 3343 2166 3408 maledixit
2202 3343 2533 3408 Andream
2564 3345 2806 3411 theker

512 3432 582 3493 in
605 3431 782 3494 curia
799 3428 869 3491 in
893 3429 1224 3511 presencia
1240 3427 1405 3492 dom.
1434 3429 1675 3493 Prioris
1693 3437 1762 3494 et
1782 3430 2151 3507 Senescalli,
2174 3431 2265 3513 xij
2286 3430 2345 3494 d.
2408 3432 2800 3514 Injunctum

511 3524 611 3582 est
639 3516 819 3580 Will.
852 3515 1034 3579 Scott
1062 3514 1235 3598 quod
1265 3516 1490 3598 reponi
1536 3516 1734 3580 faciat
1763 3516 2048 3582 diversas
2093 3524 2544 3601 purpresturas
2590 3521 2802 3586 factas

511 3603 950 3689 appropriatas
995 3602 1076 3666 de
1120 3610 1235 3667 ter.
1281 3602 1520 3667 Prioris
1567 3603 1650 3667 ad
1692 3609 1806 3668 ter.
1854 3603 2134 3669 dominae
2177 3604 2259 3668 de
2304 3605 2588 3671 Claxton
2631 3608 2805 3673 citra

510 3713 690 3776 prox.
722 3712 874 3769 cur„
900 3691 1023 3754 sub
1053 3709 1248 3772 poena
1276 3689 1347 3752 xl
1371 3689 1428 3753 d.

600 3780 905 3843 M1DMER.
993 3777 1097 3841 De
1138 3776 1184 3840 J
1189 3777 1288 3840 oh.
1331 3777 1565 3853 Smith,
1595 3777 1754 3843 Rob.
1787 3778 2068 3856 Robson,
2096 3777 2275 3843 Will.
2320 3779 2518 3864 Burg,
2546 3780 2799 3847 Thoma

514 3866 773 3941 Bullok‚
801 3865 847 3929 J
851 3865 951 3928 oh.
1006 3865 1086 3928 de
1137 3864 1376 3941 Eriom,
1406 3863 1453 3927 J
1456 3863 1557 3929 oh.
1605 3865 1850 3941 Duket,
1884 3865 2065 3930 will.
2115 3866 2414 3943 Currour,
2442 3888 2561 3952 pro
2592 3876 2794 3934 trane.

512 3954 686 4016 facta
730 3972 926 4034 super
966 3951 1336 4034 Bishoplaw
1367 3971 1483 4034 per
1527 3971 1727 4035 equos
1757 3959 1825 4016 et
1869 3960 2154 4018 careotas
2185 3954 2267 4016 ad
2298 3953 2512 4039 damp.
2544 3957 2794 4031 vicarii,

511 4040 626 4122 viij
648 4038 854 4101 thrav,
881 4038 1211 4113 frumenti,
1233 4043 1300 4101 et
1322 4039 1417 4121 iiij
1440 4038 1648 4104 thraV.
1671 4039 1753 4103 de
1772 4038 2143 4117 blandcorn,
2165 4049 2360 4123 prout
2382 4052 2792 4127 compertum

510 4134 629 4201 est,
674 4126 754 4189 de
797 4124 1091 4208 quolibet
1141 4125 1206 4208 vj
1235 4125 1485 4190 d.—De
1520 4126 1567 4190 J
1571 4125 1671 4190 oh.
1715 4126 1938 4190 Doket
1980 4147 2096 4210 pro
2139 4127 2312 4191 freth
2355 4129 2561 4193 fracto
2606 4151 2725 4214 per
2759 4133 2787 4214 j

510 4233 767 4298 equum,
798 4232 873 4276 eo
902 4211 1076 4296 quod
1106 4211 1320 4278 noluit
1363 4219 1583 4277 tenere
1628 4233 2039 4278 communem
2083 4213 2429 4293 hirsillum,
2459 4216 2544 4281 ad
2573 4218 2788 4302 damp.

511 4302 872 4365 vicinorum
901 4298 1013 4381 xvj
1041 4298 1099 4361 d.

596 4389 892 4449 DALTON.
985 4385 1365 4465 Injunctum
1413 4384 1880 4451 molendinario
1920 4387 2095 4471 quod
2144 4387 2270 4472 ipsi
2317 4394 2384 4453 et
2430 4391 2788 4457 servientes

513 4473 618 4535 sui
647 4472 781 4534 sint
810 4471 1021 4552 parati
1055 4468 1346 4552 [molere]
1376 4469 1459 4533 ad
1489 4471 1863 4536 molendum
1896 4473 2089 4538 blada
2118 4480 2247 4539 ten.
2282 4476 2592 4558 quociens
2623 4499 2791 4564 opus
