3042 5034
192 485 596 545 1365-1366.
734 498 1050 547 muron
1079 499 1446 549 Pmomws
1476 500 1955 551 nunfflsm.
2395 493 2475 551 49

184 653 287 717 di.
331 660 691 719 stratarum
734 662 884 740 post
927 661 1201 721 mortem
1244 657 1540 741 praedicti
1583 658 1901 724 willelmi
1950 680 2025 725 60
2081 661 2258 745 quod
2303 660 2476 725 idem

181 741 239 805 J
242 739 534 807 ohannes
596 743 840 807 dictam
899 750 1135 808 terram
1195 745 1384 828 cepit,
1437 750 1556 809 etc.
1577 782 1668 792 —
1690 746 2070 830 Injunctum
2113 754 2212 813 est
2269 748 2475 812 omni-

178 827 322 891 bus
347 829 725 894 tenentibus
768 830 942 894 villae
970 830 1202 915 [quod]
1246 832 1466 895 nullus
1508 852 1731 895 eorum
1773 839 1967 918 negat
2009 834 2149 918 [sic]
2193 835 2476 898 Domino

178 914 513 997 priusnos,
555 935 849 1000 capones,
893 917 1041 1001 gell’
1083 924 1199 982 aut
1240 917 1370 981 alia
1409 918 1723 983 victualia
1764 940 1910 1003 quse
1953 927 2109 985 sunt
2149 920 2478 1007 vend[ita],

181 1001 321 1064 sub
359 1021 559 1086 poena
605 1003 750 1068 4011.
795 1002 1079 1068 solvend.
1123 1025 1239 1088 per
1287 1004 1477 1069 illum
1527 1005 1645 1088 qui
1693 1005 1766 1069 in
1816 1006 2096 1071 deffectu
2143 1007 2473 1090 reperitur.

180 1086 300 1152 De
355 1088 665 1153 Eustacio
724 1089 806 1154 de
863 1090 1180 1155 Hesilden
1239 1092 1395 1175 quia
1458 1092 1781 1156 recusavit
1837 1093 2114 1158 vendere
2176 1093 2474 1177 pullanos

182 1173 482 1326 Doffio
525 1181 621 1327 63
636 1175 717 1241 (16
761 1177 1034 1242 Ricardo
1078 1178 1286 1243 Benet
1326 1198 1444 1261 pro
1487 1178 1730 1256 eodem,
1778 1178 1860 1244 de
1901 1180 2350 1258 misericordia,
2393 1180 2475 1245 de

183 1279 322 1344 quo
355 1263 368 1274 ’
457 1268 488 1325 t
520 1269 557 1325 2

277 1348 528 1413 ADHUG
559 1349 1043 1415 BYLLYNGHAM.
1131 1350 1505 1416 Willelmus
1549 1350 1656 1416 del
1699 1353 1875 1430 Raw,
1917 1353 2133 1418 Adam
2163 1354 2473 1430 wilhere,

186 1433 476 1499 Thomas
506 1435 679 1500 filius
723 1436 1101 1513 Alexandri,
1145 1443 1214 1502 et
1256 1437 1303 1502 J
1304 1436 1589 1503 ohannes
1632 1438 1831 1504 Tidde
1863 1439 1960 1523 [et
1987 1441 2269 1524 Rogerus
2300 1440 2472 1524 Page

189 1522 434 1605 added]
466 1529 776 1606 ceperunt
816 1523 881 1587 16
923 1524 1249 1607 quoddam
1292 1530 1553 1607 pratum
1579 1531 1883 1590 vocatum
1915 1526 1979 1591 16
2011 1527 2371 1591 Haldailles
2402 1530 2475 1591 in

186 1606 257 1672 le
302 1609 730 1693 Restlykere:
772 1608 1050 1675 habend'
1092 1616 1161 1675 et
1201 1612 1333 1675 ten’
1363 1610 1448 1674 ad
1488 1617 1671 1676 term.
1716 1613 1870 1677 vitae
1912 1633 2081 1676 suae:
2122 1613 2293 1679 redd.
2324 1634 2386 1697 p.
2418 1634 2470 1677 a

196 1701 225 1758 1
238 1701 331 1761 83.
368 1695 471 1760 ed.
560 1696 736 1779 Pleg’
767 1696 941 1781 [etc]
1030 1698 1119 1761 Et
1147 1697 1262 1762 dat
1288 1696 1368 1761 ad
1398 1699 1735 1782 gres'mam
1756 1699 1891 1763 6(1.;
1936 1700 2333 1763 condonatur
2358 1719 2475 1782 per

187 1783 552 1846 terrarium.
572 1817 665 1828 —
685 1782 961 1848 Thomas
995 1784 1230 1849 Maner
1271 1784 1445 1869 cepit
1471 1785 1545 1869 iij
1576 1784 1764 1849 rodas
1807 1786 1978 1868 prati
2007 1786 2181 1868 quod
2207 1793 2475 1850 vocatur

186 1868 611 1934 Fletherker:
653 1868 928 1935 habend'
971 1878 1039 1936 et
1080 1872 1212 1935 ten’
1255 1870 1338 1935 ad
1379 1879 1562 1935 term.
1592 1872 1748 1936 vitae
1790 1891 1957 1935 suae:
2001 1871 2172 1937 redd.
2201 1892 2261 1955 p.
2293 1892 2344 1936 a
2381 1877 2473 1938 3s.

185 1956 515 2107 Ἥο
536 1955 792 2023 Primis.
866 1957 962 2022 Pl'
987 1958 1067 2024 de
1094 1958 1256 2028 111-ιη’
1279 1957 1651 2023 Willelmus
1674 1957 2131 2042 Rynethewod.
2187 1959 2473 2025 Gres’ma

182 2064 233 2106 n

285 2221 479 2295 1366,
508 2216 745 2302 Ι.-[Α
787 2217 908 2283 roll
949 2219 1023 2282 in
1066 2216 1436 2302 deplorable
1480 2219 1811 2284 condition
1855 2225 1925 2285 at
1958 2219 2046 2285 its
2075 2240 2472 2286 commence-

182 2312 394 2369 ment.
483 2303 688 2370 There
728 2306 789 2369 is
817 2325 903 2370 no
944 2304 1401 2371 indorsement.
1490 2305 1621 2370 Old
1663 2306 1976 2392 stitching
2018 2328 2238 2372 occurs
2280 2308 2475 2391 along

180 2393 303 2457 the
332 2399 467 2476 top.
542 2391 678 2456 The
705 2392 1053 2457 document
1078 2412 1287 2457 seems
1316 2391 1631 2457 therefore
1658 2399 1775 2458 not
1801 2400 1871 2459 to
1891 2395 1972 2459 be
2000 2396 2072 2458 in
2091 2395 2179 2459 its
2201 2393 2474 2479 original

182 2486 379 2544 state.
471 2478 752 2556 Queried
794 2479 884 2563 by
929 2479 1287 2545 Stevenson
1327 2499 1400 2543 as
1449 2485 1478 2543 1
1491 2484 1636 2557 366,
1677 2500 1718 2544 a
1761 2481 1910 2546 date
1959 2481 2175 2545 which
2223 2482 2392 2545 from
2434 2501 2474 2545 a

185 2565 424 2630 Sheles
468 2571 657 2649 entry
707 2586 915 2630 seems
964 2572 1034 2631 to
1084 2567 1167 2631 be
1207 2573 1467 2632 correct.
1556 2566 1678 2632 See
1719 2567 1857 2632 also
1907 2568 2112 2632 under
2162 2568 2228 2631 N
2229 2573 2472 2632 ewton-

186 2652 484 2736 Bewley‚
511 2652 640 2716 and
670 2653 881 2737 Fery.]

276 2739 750 2805 WYUESTOWB..
835 2739 939 2803 De
980 2743 1121 2804 tota
1160 2738 1391 2803 villata
1430 2740 1587 2823 quia
1636 2760 1765 2805 non
1824 2746 2282 2824 reparaverunt
2330 2740 2471 2804 ber-

184 2827 445 2893 carium
487 2831 681 2909 prout
722 2826 1089 2911 injunctum
1133 2826 1264 2889 fuit
1313 2826 1407 2891 613
1450 2828 1524 2890 111
1569 2826 1822 2891 ultimis
1876 2826 2202 2889 Halmotis
2247 2863 2276 2875 -
2319 2862 2347 2874 -
2392 2825 2472 2891 de

181 2912 634 2978 misericordia
667 2913 806 2979 12d.
896 2912 1278 2996 Injunctum
1307 2918 1407 2977 est
1433 2913 1677 2977 eisdem
1708 2910 1882 2995 quod
1925 2911 2204 2994 reparari
2232 2910 2475 2975 faciant

184 3001 361 3067 citra
388 2999 751 3084 proximam
795 3000 942 3064 cur’.
963 3036 1053 3047 —
1072 3000 1176 3064 De
1219 2998 1521 3065 Johanne
1566 2998 1764 3081 Leget
1796 3002 1863 3062 et
1889 2998 2061 3081 Agn'
2089 3017 2287 3061 uxore
2329 2999 2472 3080 ejus

182 3089 351 3173 quia
388 3086 866 3239 maclledixerunt
892 3086 1019 3171 jur'
1048 3091 1117 3152 et
1155 3087 1505 3170 imponunt
1546 3085 1641 3149 eis
1683 3083 2055 3162 falsitatem,
2097 3083 2178 3149 de
2220 3084 2470 3149 miseri-

180 3175 412 3241 cordia
444 3179 481 3237 6

281 3262 561 3326 Snus,
650 3261 1032 3345 Injunctum
1084 3266 1185 3324 est
1241 3259 1542 3324 omnibus
1598 3259 1974 3324 tenentibus
2030 3258 2205 3323 villae
2261 3264 2340 3324 ut
2395 3259 2468 3324 in

186 3348 496 3433 pluribus
524 3346 853 3412 Halmotis
881 3346 1058 3431 quod
1100 3346 1342 3410 faciant
1369 3346 1432 3411 le
1460 3347 1671 3411 thewe
1716 3366 1830 3430 pro
1867 3347 2291 3431 castigacione
2332 3347 2466 3413 liti·

187 3435 505 3521 gancium
533 3472 562 3484 -
588 3471 635 3499 -.
726 3434 1108 3517 Injunctum
1152 3439 1251 3497 est
1286 3433 1412 3517 jur’
1457 3439 1524 3498 et
1549 3434 1837 3498 Waltero
1866 3434 2043 3498 Yoill
2088 3440 2155 3499 et
2181 3434 2346 3499 Adae
2384 3436 2466 3500 de

188 3522 447 3588 Birdon
474 3520 650 3605 quod
679 3521 986 3605 colligant
1012 3520 1186 3585 inter
1211 3520 1385 3604 ipsos
1416 3526 1484 3585 et
1509 3520 1758 3586 vicinos
1802 3541 1951 3585 suos
1980 3520 2274 3586 denarios
2303 3542 2466 3606 quos

188 3609 525 3675 sufficient
561 3629 677 3693 pro
697 3608 725 3692 3
761 3608 971 3672 thewe
1005 3607 1275 3672 faciend’
1301 3630 1315 3670 :
1357 3607 1444 3670 Et
1472 3607 1678 3671 eciam
1703 3608 1878 3692 quod
1907 3608 2214 3691 colligant
2241 3628 2467 3690 poenas

187 3699 489 3762 incursas
547 3695 627 3759 al'
673 3695 1008 3778 impositas
1052 3715 1199 3778 quae
1242 3713 1311 3758 36
1354 3694 1718 3759 extenth
1760 3694 1842 3758 ad
1898 3699 2027 3758 103.
2082 3694 2244 3757 citra
2285 3714 2463 3776 proit.

188 3785 464 3859 curiam,
490 3783 613 3847 sub
654 3800 849 3865 poena
891 3780 977 3847 di.
1005 3800 1250 3845 marcae.
1274 3818 1360 3828 —
1379 3781 1484 3845 De
1528 3781 1719 3845 Petro
1749 3781 2011 3844 Homan
2049 3779 2205 3863 quia
2232 3779 2469 3846 defecit

189 3871 274 3935 de
302 3870 448 3954 lege
475 3888 701 3934 versus
731 3867 1080 3933 Ricardum
1110 3867 1192 3932 de
1223 3867 1463 3931 Birden
1489 3867 1572 3931 de
1601 3887 1676 3933 eo
1705 3867 1879 3951 quod
1907 3866 2135 3931 debuit
2162 3886 2301 3932 esse
2331 3889 2465 3933 061·-

188 3958 383 4024 viens
426 3975 586 4020 suus
629 3955 711 4020 de
751 3955 919 4020 festo
948 3954 1214 4019 Paschae
1256 3974 1427 4018 anno
1466 3953 1658 4038 111113ω
1702 3953 1885 4038 [Apr.
1933 3952 1998 4038 5]
2043 3974 2249 4038 usque
2290 3955 2466 4021 idem

186 4045 438 4110 festum
465 4049 628 4107 tunc
653 4043 834 4126 prox’
865 4061 1141 4126 sequens
1163 4046 1229 4106 et
1249 4040 1513 4105 recessit
1533 4041 1613 4105 de
1635 4039 1903 4105 servicio
1932 4060 2067 4118 suo,
2096 4042 2178 4106 ad
2206 4041 2466 4128 dampn’

188 4132 405 4216 ipfflus
438 4129 701 4194 Ricardi
728 4149 936 4212 usque
965 4128 1049 4192 ad
1078 4128 1253 4193 hunc
1282 4127 1456 4192 diem
1485 4127 1571 4192 di.
1595 4127 1904 4213 mar[cae],
1923 4127 2004 4193 de
2031 4129 2467 4195 misericordia

194 4220 296 4286 fid.
319 4257 413 4269 —
433 4218 541 4282 De
567 4215 616 4281 J
616 4214 869 4281 ohanne
910 4215 1111 4280 Lollis
1153 4234 1270 4299 pro
1320 4214 1462 4278 19d.
1510 4215 1610 4280 ob.
1654 4215 1894 4280 detent’
1934 4215 2103 4300 Agn’
2147 4217 2467 4282 Almouth

186 4312 385 4394 prout
434 4304 683 4370 fatetur
729 4303 803 4367 in
852 4303 1047 4379 curia,
1096 4301 1177 4366 de
1226 4301 1660 4366 misericordia
1714 4308 1743 4366 1
1758 4303 1855 4368 ld.
1943 4302 2323 4387 Injunctum
2368 4312 2469 4368 est

187 4394 497 4461 omnibus
549 4390 926 4455 tenentibus
968 4388 1143 4454 viuae
1201 4389 1431 4472 nequis
1488 4409 1711 4454 eorum
1760 4389 2259 4472 inhospitaverit
2305 4410 2467 4473 prae-

184 4483 443 4550 dictum
472 4478 524 4545 J
525 4477 852 4543 ohannem
880 4475 1082 4542 Lollis
1109 4496 1230 4541 nec
1264 4496 1412 4541 cum
1448 4475 1579 4560 [60]
1606 4477 1680 4541 111
1709 4475 2016 4541 comitiva
2057 4495 2175 4539 sua
2202 4474 2472 4557 recipiat

1307 4578 1354 4624 D
