3042 5034
168 491 201 549 l
214 490 257 549 3
267 491 304 550 6
313 489 372 549 5.
712 500 1027 548 HALMOTA
1056 499 1421 550 PRIORATUS
1452 501 1937 551 DUNELMENSIS.
2380 494 2416 551 4
2426 494 2460 552 3

162 659 383 723 cionis
404 675 578 722 anno
610 661 726 721 etc.
752 655 955 740 111-ἠῶ.
1017 656 1105 720 Et
1134 656 1248 722 dat
1275 677 1394 741 pro
1414 659 1574 743 gres'
1576 677 1684 721 133
1743 656 1958 744 blank]
1990 659 2074 742 pl.
2137 659 2456 724 Robertus

158 745 352 810 filius
382 743 649 808 Ricardi
676 747 745 807 et
772 742 1085 808 Ricardus
1114 743 1542 827 Tailyour.—
1561 744 1666 809 De
1757 745 1910 809 dam
1938 744 2020 810 de
2053 745 2454 830 watworth

161 852 289 915 pro
311 850 449 896 uno
478 836 849 895 tenemento
879 835 946 894 et
974 851 1062 894 xv
1093 831 1258 895 33113
1285 836 1471 895 terrae
1493 830 1873 914 quondam
1853 851 1923 894 13
1945 835 2176 895 tenura
2196 832 2459 897 Thomae

161 918 297 982 11111
343 916 708 983 501133313
752 915 1029 982 habend
1070 922 1138 980 et
1179 916 1437 982 tenend.
1491 917 1576 982 ad
1618 923 1802 983 term.
1845 917 2004 983 vitae
2049 938 2224 983 3333.
2283 919 2455 984 redd.

161 1004 519 1088 antiquam
545 1003 800 1067 firmam
842 1009 911 1067 et
953 1002 1226 1086 antiqua
1253 1003 1543 1069 servicia.
1631 1003 1720 1067 Et
1761 1003 1945 1068 dabit
1994 1025 2110 1089 pro
2155 1005 2456 1089 operibus

162 1092 349 1156 sicut
377 1089 495 1154 alii
524 1088 881 1154 consimilis
908 1094 1155 1154 tenurae
1182 1089 1451 1154 faciunt.
1526 1090 1616 1154 Et
1641 1089 1963 1175 reparabit
1990 1090 2261 1156 aedificia
2288 1091 2459 1155 infra

162 1178 340 1242 (1303
382 1196 645 1241 33303-
792 1175 880 1239 Et
922 1175 1039 1240 dat
1079 1196 1197 1260 pro
1238 1177 1398 1261 gres'
1400 1197 1506 1241 ma
1551 1228 1564 1241 .
1611 1208 1685 1241 .·.
1709 1215 1796 1226 —
1817 1177 2148 1243 DimissiO.
2240 1179 2458 1243 Incre-

162 1267 478 1328 mentum
507 1261 801 1326 redditus
835 1267 921 1327 2s.
956 1262 1055 1328 4d.
1144 1262 1423 1328 Thomas
1467 1262 1644 1328 filius
1691 1260 1988 1348 Hugonis
2034 1263 2247 1328 Smith
2280 1266 2457 1348 cepit

163 1368 591 1415 communem
658 1348 931 1432 forgiam
993 1368 1190 1450 quam
1261 1350 1308 1415 J
1310 1349 1597 1414 ohannes
1661 1350 1897 1435 Smyth
1962 1351 2143 1435 prius
2208 1353 2454 1415 tenuit.

164 1435 458 1500 habend'
492 1441 557 1501 et
601 1435 735 1499 ten’
765 1433 848 1498 ad
877 1442 1059 1499 term.
1098 1435 1252 1499 vitae
1281 1455 1415 1500 suae
1444 1438 1516 1499 in
1558 1456 1712 1500 casu
1753 1457 1882 1520 quo
1927 1437 2040 1501 3111
2082 1437 2456 1539 praedictam

164 1522 452 1622 forgiam
495 1521 777 1604 amplius
815 1527 1167 1585 tenuerunt
1209 1527 1278 1586 et
1318 1522 1391 1585 in
1435 1522 1662 1587 eadem
1707 1524 1955 1607 operari
1982 1543 2100 1607 per
2127 1543 2197 1587 33
2238 1524 2456 1608 ipsum

166 1607 501 1673 voluerit:
546 1606 818 1671 habend.
843 1612 911 1672 et
937 1607 1197 1673 tenend.
1230 1607 1315 1672 ad
1341 1614 1527 1674 term.
1547 1608 1703 1673 vitae
1724 1628 1894 1673 suae:
1934 1608 2108 1673 redd.
2139 1630 2199 1693 p.
2224 1629 2280 1674 3.
2310 1610 2453 1673 40(1.

168 1715 326 1780 quse
359 1690 641 1779 [solebat
666 1691 958 1780 reddere]
996 1700 1025 1758 1
1038 1694 1198 1758 2(1.-

264 1781 465 1847 ῈΕΒῩ.
583 1780 969 1863 Injunctum
1026 1785 1131 1845 est
1185 1779 1487 1844 omnibus
1560 1780 1939 1844 tenentibus
1996 1779 2174 1844 villae
2229 1785 2461 1863 praeter

164 1868 417 1933 liberos
443 1872 744 1932 tenentes
765 1866 939 1951 quod
966 1867 1248 1951 reparari
1276 1867 1521 1931 faciant
1547 1865 1995 1931 molendinum
2023 1867 2189 1931 citra
2217 1866 2458 1931 festum

172 1953 445 2019 Natalis
474 1952 820 2038 [Domim].

273 2130 468 2203 1365,
497 2126 631 2191 ΠΙ.
652 2124 1098 2211 2—[Heading
1138 2125 1511 2190 mouldered
1540 2145 1740 2210 away.
1821 2125 2177 2192 Stevenson
2207 2128 2459 2212 queries

170 2213 315 2278 this
346 2177 472 2276 1011
498 2232 571 2277 33
606 2216 791 2289 1365,
815 2211 946 2276 and
973 2220 1185 2296 says‚‘
1187 2213 1342 2277 ‘See
1370 2211 1576 2277 under
1594 2213 1783 2277 West
1810 2211 2236 2298 Meringtonfi
2323 2215 2459 2279 The

171 2320 450 2385 passage
498 2304 571 2362 to
621 2297 838 2362 which
879 2297 963 2363 he
1012 2300 1212 2363 refers
1257 2299 1317 2363 13
1358 2298 1568 2383 given.
1656 2300 1704 2365 J
1704 2298 1948 2384 udgmg
1997 2301 2161 2365 from
2213 2301 2460 2366 several

172 2392 470 2463 matters,
510 2385 627 2450 the
670 2384 795 2448 roll
832 2385 1051 2449 would
1095 2405 1332 2470 appear
1372 2392 1442 2450 to
1484 2386 1568 2450 be
1609 2385 1756 2449 that
1799 2386 1871 2450 of
1912 2392 2100 2465 1365,
2146 2387 2295 2466 III„
2342 2388 2457 2452 the

169 2472 361 2537 third
387 2477 564 2548 turn,
593 2491 716 2535 one
737 2471 953 2535 would
980 2470 1198 2537 rather
1218 2471 1403 2550 infer,
1421 2470 1665 2557 having
1684 2472 1850 2537 been
1870 2471 2024 2537 held
2045 2473 2275 2539 3311131
2295 2474 2457 2539 than

172 2558 447 2643 usually
474 2577 609 2622 was
637 2557 752 2622 the
779 2557 969 2641 3333]

266 2645 697 2710 Wmourfl.
787 2644 1169 2727 Injunctum
1196 2648 1297 2708 est
1335 2643 1634 2708 0133111113
1663 2643 2037 2709 tenentibus
2065 2644 2242 2709 villae
2284 2647 2460 2730 quod

168 2731 427 2797 faciant
476 2729 754 2815 cariagia
792 2731 1043 2794 terrarii
1083 2734 1278 2813 prout
1327 2730 1388 2800 ei
1428 2730 1759 2815 pertinent
1788 2730 2045 2814 quando
2088 2732 2459 2814 praemuniti

172 2818 429 2883 fuerint
458 2817 581 2882 sub
609 2836 803 2901 poena
830 2816 913 2881 di.
944 2836 1230 2881 1331333-

269 2905 379 2987 Inj
388 2908 657 2968 unctum
705 2908 805 2968 est
848 2900 1280 2989 [tenentibus]
1323 2901 1516 2967 istius
1558 2901 1736 2965 villae
1784 2906 1852 2964 et
1893 2900 2138 2965 villatae
2187 2900 2325 2985 [sic]
2381 2902 2461 2968 de

174 2992 530 3057 SUTHWYK
576 2994 645 3053 et
672 2990 998 3054 FULWRLL
1036 2990 1211 3073 quod
1254 2989 1568 3053 excedant
1607 2987 1783 3071 apud
1824 2985 2209 3051 Wermouth
2252 2994 2319 3052 et
2346 3008 2461 3071 per

174 3076 510 3143 auxilium
560 3075 821 3140 Ricardi
864 3075 986 3138 filii
1028 3074 1368 3159 Reginaldi
1408 3081 1658 3158 ponant
1700 3073 1763 3138 le
1803 3074 2145 3138 merstanis
2185 3074 2259 3138 13
2301 3074 2462 3140 10313

175 3163 516 3230 consuetis
556 3162 664 3226 die
708 3162 771 3228 S.
801 3162 1134 3246 Greggorii
1174 3182 1352 3246 prox.
1402 3162 1624 3225 futuro
1669 3162 1792 3225 sub
1834 3180 2029 3245 poena
2074 3160 2218 3226 40d.
2239 3198 2325 3209 —
2349 3161 2463 3225 In-

168 3252 487 3336 junctum
532 3253 632 3313 est
680 3247 972 3314 50113331
1021 3249 1103 3313 (13
1144 3248 1390 3332 Wygbi
1441 3247 1770 3331 Stephano
1816 3248 2039 3312 Carter
2089 3254 2157 3312 et
2203 3248 2462 3313 Thomae

178 3338 416 3402 Carter
465 3333 640 3434 quod
680 3336 947 3400 venient
997 3334 1080 3399 ad
1132 3334 1657 3399 commorandum
1708 3354 1901 3419 super
1944 3339 2148 3400 terras
2192 3336 2465 3401 Domini

176 3426 381 3507 prout
421 3421 796 3505 injunctum
824 3420 1070 3486 fuerit
1050 3441 1123 3484 13
1151 3420 1404 3485 ultimis
1447 3421 1777 3486 Halmotis
1808 3422 1970 3486 citra
2011 3442 2186 3505 prox,
2218 3424 2461 3487 curiam

177 3509 307 3574 sub
334 3528 533 3592 poena
560 3507 973 3572 admissionis
1004 3507 1146 3592 [sic]
1175 3506 1498 3591 praedictae
1526 3513 1728 3571 terrae.

273 3596 634 3660 SUTHWYK.
721 3595 1127 3677 Praeceptum
1170 3599 1271 3658 est
1299 3593 1654 3659 attachiare
1683 3592 2055 3659 5011333313
2099 3593 2180 3659 (13
2223 3592 2467 3657 Β11(133

176 3680 598 3746 willelmum
684 3679 765 3746 de
853 3680 1046 3766 Oggil
1130 3679 1443 3744 Thomam
1513 3680 1694 3764 Ayer
1762 3678 2170 3743 Willelmum
2253 3678 2467 3741 filium

178 3766 452 3832 Ricardi
507 3771 576 3831 et
630 3767 900 3832 Petrum
958 3767 1193 3832 Curror
1250 3766 1332 3830 ad
1388 3765 1659 3830 liberam
1710 3765 1954 3830 curiam
2010 3764 2091 3829 de
2148 3764 2465 3829 fraccione

178 3860 517 3939 portarum
568 3853 842 3919 manerii
891 3854 972 3917 de
1021 3852 1299 3917 Fulwell
1342 3857 1412 3918 et
1457 3852 1850 3917 abduccione
1897 3850 2258 3916 averiorum
2305 3870 2468 3934 proe-

180 3941 524 4006 dictorum.
615 3938 887 4023 [011113
907 3939 1208 4024 previous
1236 3937 1361 4003 roll
1388 3958 1458 4002 as
1484 3944 1558 4003 to
1585 3937 1720 4002 this
1742 3957 1814 4002 or
1839 3957 1880 4002 a
1908 3937 2157 4002 similar
2184 3938 2464 4023 metten]

178 4064 275 4077 —
295 4026 680 4109 Injunctum
726 4032 827 4092 est
869 4026 1171 4091 omnibus
1219 4024 1601 4090 tenentibus
1646 4022 1825 4088 villae
1873 4023 2049 4108 quod
2090 4031 2469 4089 mensurant

180 4112 327 4198 [sic]
372 4111 570 4177 blada
610 4131 727 4196 per
767 4132 1141 4177 mensuram
1181 4131 1393 4177 rasam
1443 4117 1512 4177 et
1554 4110 1636 4176 de
1682 4110 1905 4176 eadem
1954 4130 2258 4177 mensura
2308 4112 2469 4177 dent

178 4200 545 4264 multuram
573 4198 695 4264 sub
723 4218 919 4283 poena
950 4203 1085 4264 40s.

267 4286 620 4351 FUmeJ..
705 4286 811 4350 De
853 4289 994 4350 tota
1020 4284 1251 4350 villata
1293 4284 1373 4348 de
1401 4283 1784 4367 Wyuestow
1826 4289 2058 4368 praeter
2099 4284 2146 4349 J
2148 4282 2469 4348 ohannem

174 4373 261 4439 (13
310 4370 588 4456 Lomley
634 4370 847 4436 Adam
902 4370 1185 4437 Diotson
1241 4375 1309 4436 et
1365 4369 1775 4435 Willelmum
1831 4369 2079 4434 Wallas
2137 4369 2292 4451 quia
2338 4388 2469 4432 non

172 4464 503 4527 venerunt
547 4457 630 4522 ad
680 4458 927 4522 curiam
975 4457 1118 4523 12d.
1209 4459 1313 4523 De
1363 4462 1503 4521 tota
1541 4456 1770 4521 villata
1815 4455 1895 4519 de
1941 4455 2194 4518 Harton
2238 4459 2470 4535 praeter
