3042 5034
574 491 654 548 84
1102 501 1418 550 HALMOTA
1446 501 1810 552 Pmomrus
1839 501 2317 552 Dumznnmms.
2669 488 2856 549 1369.

572 662 869 723 mentum
897 663 966 723 et
993 664 1233 724 terram
1258 659 1333 723 in
1374 658 1717 725 sufficient'
1747 664 1926 725 statu
1969 659 2262 725 dimittet
2301 659 2374 724 in
2416 658 2550 724 fine
2590 656 2856 723 termini

571 746 677 809 sui
718 781 749 794 ·
792 784 820 795 -
864 745 979 811 dat
1035 767 1151 831 pro
1224 747 1512 832 gres’m’a
1572 746 1757 813 40d.:
1828 754 1896 812 et
1955 748 2132 832 oepit
2188 747 2273 811 ad
2329 746 2858 811 emendacionem

572 831 910 896 domorum
958 833 1031 897 xl
1075 840 1296 898 trava-s
1354 834 1687 898 straminis
1737 839 1807 898 et
1855 833 1970 918 viij
2027 834 2076 899 s’
2121 834 2382 918 argent’.
2405 871 2494 883 —
2515 834 2565 897 J
2565 831 2856 896 ohannes

573 918 749 983 filius
791 920 841 983 J
840 919 1115 985 ohannis
1157 920 1239 985 de
1279 920 1499 986 Jarow
1542 957 1571 971 -
1599 958 1629 970 -
1672 920 1848 1004 cepit
1889 941 2097 984 unum
2137 925 2590 985 tenementum
2632 923 2704 983 et
2745 918 2853 1000 xvj

572 1025 751 1070 aeras
781 1011 967 1071 terrae
994 1027 1141 1091 quae
1169 1008 1435 1071 fuerunt
1460 1007 1535 1071 in
1561 1008 1842 1091 tenuraj
1870 1007 2175 1072 Oaterina
2211 1006 2350 1091 [sic]
2394 1007 2506 1071 del
2537 1006 2749 1089 Stayn
2791 1011 2859 1069 et

574 1111 833 1156 sursum
874 1092 1158 1158 reddidit
1199 1094 1284 1158 ad
1326 1114 1490 1179 opus
1533 1094 1741 1179 ipsius
1784 1095 1830 1160 J
1833 1093 2146 1159 ohannis:
2189 1093 2466 1158 habend'
2500 1098 2572 1157 et
2611 1093 2748 1157 ten’
2775 1090 2860 1154 ad

573 1184 754 1243 term.
784 1179 939 1244 vitae
981 1200 1149 1245 suae:
1191 1180 1519 1246 reddendo
1562 1187 1633 1245 et
1672 1180 1969 1245 faciendo
2011 1180 2083 1244 in
2126 1180 2427 1244 omnibus
2473 1183 2674 1264 prout
2717 1178 2859 1262 ipsa

575 1265 882 1329 Caterina
952 1266 1133 1350 prius
1204 1266 1490 1332 reddidit
1561 1272 1632 1332 et
1687 1268 1862 1333 fecit.
1969 1268 2058 1331 Et
2113 1267 2461 1351 praedictus
2517 1266 2570 1331 J
2569 1265 2859 1329 ohannes

575 1351 934 1416 satisfaciet
992 1352 1275 1417 Domino
1332 1354 1414 1418 de
1471 1354 1777 1418 omnibus
1821 1353 2058 1418 debitis
2114 1354 2323 1437 ipsius
2376 1352 2740 1418 Caterinae:
2796 1356 2862 1414 et

577 1438 779 1502 eciam
824 1438 1007 1503 dabit
1048 1439 1373 1523 praedietae
1417 1440 1738 1505 Caterinae
1779 1440 1866 1504 di’
1901 1441 2178 1524 quarter'
2214 1439 2527 1504 frumenti
2571 1445 2642 1504 et
2685 1438 2733 1523 ij
2779 1439 2858 1502 bz

577 1525 699 1609 pis'
730 1563 758 1574 -
787 1564 816 1576 -
844 1524 918 1588 in
944 1526 1281 1592 sufficient’
1310 1532 1489 1592 statu
1516 1526 1807 1593 dimittet
1848 1527 1920 1591 in
1963 1527 2094 1591 fine
2134 1531 2318 1592 term.
2348 1527 2453 1591 sui
2482 1562 2509 1575 ·
2540 1562 2570 1574 -
2600 1524 2719 1590 dat
2745 1544 2862 1609 pro

582 1612 868 1696 gres’m'a
899 1613 1044 1678 40d.
2179 1610 2190 1620 ⁶

669 1699 1030 1765 MONKTON.
1119 1699 1437 1766 Robertus
1486 1701 1533 1766 J
1536 1700 1743 1765 akson
1800 1700 2067 1766 nativus
2123 1698 2395 1764 Domini
2441 1698 2605 1764 feeit
2652 1697 2865 1762 fideli-

579 1791 785 1851 tatem
834 1787 1119 1851 Domino
1165 1787 1340 1871 apud
1384 1786 1642 1852 Jarowe
1692 1787 1798 1852 die
1848 1789 1894 1854 J
1897 1787 2038 1852 ovis
2084 1787 2263 1872 prox’
2315 1791 2463 1870 post
2501 1786 2749 1851 festum
2795 1783 2863 1849 S.

582 1873 771 1938 Lueae
799 1873 1234 1960 Evangelistae
1262 1894 1435 1938 anno
1463 1873 1647 1937 lxi10.

670 1960 718 2024 J
717 1975 971 2026 AROWE.
1059 1961 1337 2025 Thomas
1366 1960 1644 2045 Allyson
1673 1996 1701 2009 -
1731 1996 1760 2010 -
1789 1960 1962 2045 oepit
2003 1980 2213 2024 unum
2247 1959 2575 2044 eotagium
2603 1965 2673 2025 et
2701 1957 2863 2041 xviij

584 2066 765 2111 aeras
815 2051 1003 2110 terrae
1053 2068 1199 2131 quae
1244 2047 1510 2112 fuerunt
1562 2047 1637 2111 in
1692 2052 1923 2113 tenura
1971 2047 2293 2112 willelmi
2347 2046 2670 2111 Tailliour
2719 2063 2867 2129 quae

582 2136 843 2216 propter
890 2132 1354 2216 impoteneiam
1404 2134 1611 2218 ipsius
1661 2133 1984 2199 Wfflelmi
2017 2141 2209 2218 capta
2266 2139 2422 2199 sunt
2470 2133 2545 2196 in
2593 2151 2869 2197 manum

583 2217 856 2282 Domini
882 2256 908 2267 -
939 2256 967 2269 -
996 2239 1202 2302 usque
1245 2220 1330 2284 ad
1372 2226 1557 2286 term.
1600 2220 1755 2286 vitae
1797 2240 1965 2286 suae:
2008 2221 2184 2286 redd.
2228 2221 2569 2304 antiquam
2611 2220 2870 2283 firmam

586 2343 613 2354 -
644 2344 671 2354 -
702 2304 875 2388 Pleg.
927 2303 1010 2369 de
1065 2306 1251 2369 firma
1308 2313 1376 2371 et
1432 2308 1736 2372 omnibus
1786 2307 1933 2372 aliis
1978 2328 2126 2392 quae
2173 2307 2564 2371 incumbunt
2615 2306 2871 2390 Symon

585 2391 793 2476 Figgy
816 2397 882 2454 et
903 2390 1236 2458 Johannes
1267 2392 1544 2460 Simeon.
1610 2394 1700 2459 Et
1727 2394 1842 2459 dat
1860 2414 1978 2478 pro
1999 2394 2287 2480 gres'm'a
2317 2399 2404 2458 Gs.
2439 2393 2541 2459 sd„
2561 2431 2655 2443 —
2673 2395 2873 2460 Jura-

582 2484 754 2542 tores
782 2484 1175 2561 praesentant
1202 2478 1377 2563 quod
1406 2480 1681 2546 aedificia
1707 2481 1946 2566 eotagii
1973 2481 2268 2566 praedicti
2296 2480 2774 2545 deteriorantur
2800 2480 2874 2543 in

584 2570 818 2629 tenura
866 2565 1160 2647 praedieti
1206 2565 1529 2631 willelmi
1578 2568 1663 2632 ad
1703 2567 2067 2633 valenciam
2123 2573 2255 2633 14³.
2302 2587 2464 2651 quos
2515 2567 2871 2652 praedietus

586 2652 632 2718 J
634 2650 920 2716 ohannes
947 2653 1193 2737 recepit
1221 2673 1335 2737 per
1359 2674 1595 2719 manus
1625 2654 1908 2719 Simonis
1936 2655 2103 2739 Figy
2130 2655 2458 2739 praepositi
2485 2655 2604 2738 qui
2632 2653 2874 2719 catalla

588 2738 880 2823 praedieti
928 2739 1249 2804 Willelmi
1298 2739 1381 2806 ad
1430 2740 1794 2806 valenciam
1850 2748 1969 2806 eto.
2023 2741 2346 2806 arestavit.
2434 2741 2540 2805 De
2595 2741 2873 2824 praefato

589 2826 924 2892 Willelmo
967 2826 1279 2892 Tailliour
1321 2846 1436 2910 pro
1486 2827 1986 2893 deterior-acione
2036 2834 2223 2892 terrae
2270 2827 2663 2912 pertinentis
2715 2847 2872 2911 prae-

589 2913 764 2978 dieto
815 2912 1063 2998 ootagio
1110 2914 1191 2979 de
1241 2913 1498 2998 dampn'
1551 2914 1899 2998 adjudieat’
1948 2934 2066 2998 per
2112 2915 2240 2999 jur’
2290 2913 2466 2979 unde
2515 2914 2871 2999 praedietus

590 3001 818 3065 Simon
885 3001 1111 3085 Fyggy
1172 3001 1467 3084 respond’
1528 3021 1604 3066 eo
1663 3000 1837 3085 quod
1900 3001 2134 3066 catalla
2195 3000 2489 3085 praedieti
2546 3000 2873 3066 willelmi

592 3087 899 3152 arestavit
928 3088 1012 3150 ad
1040 3086 1284 3153 valene'
1315 3092 1433 3153 ete.
1466 3093 1557 3153 4s.
1579 3121 1668 3133 —
1686 3086 1735 3152 ,J
1735 3088 2022 3153 ohannes
2060 3087 2318 3152 Allison
2344 3126 2373 3138 -
2402 3125 2430 3137 -
2459 3088 2636 3172 oepit
2663 3109 2876 3152 unum

591 3174 914 3258 ootagium
950 3179 1017 3237 et
1044 3173 1136 3257 xij
1183 3194 1360 3239 acras
1403 3179 1589 3239 terrae
1618 3194 1764 3258 quse
1805 3175 1851 3240 J
1854 3174 2142 3240 ohannes
2186 3174 2485 3258 Godwyn
2527 3179 2596 3239 et
2637 3174 2878 3240 Idonia

594 3280 759 3323 uxor
786 3260 926 3341 ejus
956 3259 1284 3343 quondam
1325 3281 1490 3325 uxor
1533 3260 1794 3325 Thomas
1821 3261 2099 3326 Yardolf
2135 3267 2486 3326 tenuerunt
2512 3266 2592 3325 ut
2618 3261 2704 3326 de
2726 3263 2877 3346 jure

589 3345 796 3430 ipsius
827 3345 1090 3420 Idoniae,
1121 3366 1267 3429 quae
1299 3347 1608 3430 praefatus
1636 3348 1682 3413 J
1685 3347 1973 3413 ohannes
2017 3347 2396 3431 Gudewyne
2438 3368 2701 3413 sursum
2732 3349 2878 3414 red-

591 3431 799 3496 didit:
842 3429 1118 3495 habend’
1148 3436 1215 3497 et
1241 3433 1500 3498 tenend'
1529 3434 1614 3498 ad
1640 3434 2045 3500 voluntatem
2088 3433 2362 3499 Domini
2389 3455 2406 3499 :
2445 3434 2777 3501 reddendo
2807 3442 2876 3501 et

591 3517 886 3584 faeiendo
928 3524 1121 3602 prout
1162 3519 1468 3603 praefatus
1511 3521 1558 3587 J
1562 3521 1848 3587 ohannes
1893 3521 2195 3606 Godwyn
2235 3520 2520 3586 reddidit
2562 3527 2632 3586 et
2676 3522 2873 3587 feeit:

593 3612 661 3672 et
712 3605 1003 3671 faciendo
1053 3606 1338 3672 Domino
1389 3613 1459 3672 et
1502 3607 1736 3672 vicinis
1783 3628 1929 3692 quae
1972 3607 2378 3674 incumbunt.
2467 3607 2645 3692 Pleg.
2695 3608 2875 3693 [ete]

596 3693 906 3760 Gres'm'a
928 3691 1126 3771 nulla,
1156 3694 1312 3778 quia
1339 3693 1424 3759 ad
1450 3695 1858 3760 voluntatem
1885 3694 2170 3760 Domini.

681 3781 1101 3846 Wmmon'm.
1191 3782 1594 3866 Praeceptum
1652 3785 1753 3846 est
1793 3780 1839 3846 J
1841 3781 2084 3846 ohanni
2148 3781 2463 3866 Vigerous
2513 3781 2872 3847 att-achiam

593 3868 943 3932 Ricardum
1000 3868 1418 3951 Raynaldson
1475 3866 1559 3933 ad
1615 3867 1959 3933 essendum
2014 3868 2097 3933 ad
2152 3867 2426 3933 liberam
2482 3867 2734 3933 curiam
2791 3868 2874 3934 ad

592 3953 1109 4037 respondendum
1162 3954 1244 4019 de
1287 3955 1490 4020 assisa
1518 3954 1805 4019 cervisiae
1850 3955 2071 4032 fianta,
2122 3959 2190 4019 et
2234 3955 2439 4020 eciam
2481 3954 2562 4018 de
2599 3954 2875 4020 diversis

591 4039 1024 4123 purpresturis
1066 4060 1182 4123 per
1223 4041 1442 4125 ipsum
1484 4040 1673 4106 factis
1717 4041 1893 4125 apud
1936 4040 2356 4123 Fulwellway
2397 4041 2872 4126 appropriando

592 4125 720 4190 sibi
770 4124 852 4189 de
902 4124 1040 4189 solo
1091 4126 1361 4190 Domini
1409 4128 1475 4212 vj
1531 4126 1729 4212 pedes
1779 4128 1852 4192 in
1897 4127 2251 4193 latitudine
2296 4134 2365 4193 et
2405 4127 2502 4211 iiij
2545 4127 2752 4211 pedes
2801 4129 2872 4193 in

586 4210 1029 4296 longitudine:
1071 4211 1160 4275 Et
1201 4213 1376 4296 apud
1420 4213 1950 4279 Paddokfurland
1978 4214 2050 4299 iij
2082 4215 2278 4298 pedes
2321 4215 2394 4279 in
2421 4214 2779 4280 latitudine
2808 4222 2874 4280 et

590 4321 727 4364 xxx
783 4296 978 4382 pedes
1030 4297 1096 4361 in
1154 4297 1580 4383 longitudine.
1670 4301 1733 4385 [“
1750 4302 1838 4366 Et
1895 4300 2232 4367 sciendum
2289 4300 2464 4385 quod
2520 4301 2872 4385 praedietus

589 4385 900 4451 Ricardus
929 4384 1103 4467 oepit
1130 4383 1303 4448 diem
1335 4386 1419 4450 ad
1464 4388 1809 4470 reponend'
1839 4387 2176 4472 praedictas
2218 4392 2670 4472 purprestums
2709 4390 2876 4453 eitra

588 4474 831 4537 festum
860 4471 921 4535 S.
954 4469 1245 4554 Gregorii
1287 4472 1465 4554 prox’
1518 4474 1865 4538 futurum?
1961 4479 2147 4551 1369,
2193 4474 2354 4558 111]
2377 4513 2462 4523 —
2487 4474 2876 4557 Injunetum
