3042 5034
624 508 702 567 10
1139 517 1454 565 HALMOTA
1483 515 1850 565 PmonArth
1880 515 2361 565 DUNELMENSIS.
2709 507 2740 565 1
2758 508 2903 566 296.

616 675 895 739 Roberto
918 674 1212 739 Bercario
1234 695 1348 758 pro
1371 674 1551 759 pleg’,
1573 674 1756 758 Elyae
1778 662 2063 738 Molend’
2093 679 2181 738 6s.
2207 673 2303 738 7d.
2327 694 2444 757 pro
2466 694 2597 758 qua
2617 677 2906 758 pecunia

615 761 890 826 levanda
912 762 1093 826 dabit
1111 763 1393 826 Domino
1423 761 1630 825 Priori
1665 768 1692 824 1
1707 761 1804 825 2d.
1881 761 2040 825 Post
2061 761 2242 825 venit
2263 760 2441 825 Elias
2471 767 2537 825 et
2566 761 2904 827 fatebatur

616 848 926 913 debitum.
1017 849 1171 913 Ideo
1216 847 1687 913 consideratum
1732 852 1832 911 est
1875 846 2048 930 quod
2091 847 2316 911 solvat.
2339 882 2429 893 —
2450 848 2714 911 Toftum
2753 851 2901 932 ejus

616 935 770 1018 cap'.
860 935 1177 1000 Robertus
1206 935 1379 999 filius
1409 934 1592 1018 Elyae
1620 933 1921 999 Waldevi
1963 932 2098 1017 [sic]
2146 933 2302 1016 quia
2345 940 2682 999 noctanter
2708 937 2903 999 venit

617 1020 701 1086 ad
742 1022 1010 1087 boscum
1054 1022 1292 1085 Prioris
1333 1041 1482 1086 cum
1529 1043 1587 1084 x.
1633 1020 2004 1084 hominibus
2044 1026 2112 1084 et
2154 1021 2248 1084 ibi
2292 1020 2453 1104 colp’
2484 1041 2782 1105 quercus,
2813 1022 2900 1086 di.

615 1128 913 1173 marcam.
946 1108 1117 1192 Pleg.
1146 1107 1330 1191 Elya,
1360 1108 1606 1190 Rogero
1647 1106 1920 1171 Asselot.
2009 1107 2097 1170 Et
2139 1106 2389 1170 duabus
2425 1106 2633 1171 villat'
2662 1115 2902 1192 praeter

619 1194 879 1258 Munkt’
928 1194 1008 1278 [2]
1032 1233 1120 1243 —
1142 1194 1339 1277 Elyas
1382 1193 1557 1258 filius
1602 1193 1901 1257 Waldevi
1943 1193 2097 1276 quia
2134 1194 2489 1277 receptavit
2535 1194 2900 1259 Robertum

616 1281 826 1345 filium
848 1300 1039 1344 suum
1058 1286 1202 1363 post
1223 1281 1563 1364 praefatum
1583 1280 1892 1344 delictum
1911 1287 1980 1343 et
1995 1280 2149 1362 quia
2170 1280 2513 1356 consencit,
2530 1281 2559 1363 j
2587 1301 2898 1346 marcam:

619 1454 773 1536 quia
800 1452 981 1517 venit
1014 1453 1091 1517 ad
1123 1453 1389 1517 boscum
1432 1473 1583 1517 cum
1625 1453 1929 1535 praedicto
1973 1452 2250 1517 Roberto
2295 1453 2428 1516 filio
2457 1452 2765 1518 Waldevi
2811 1455 2895 1519 ad

617 1539 903 1605 malefac'
926 1545 1012 1604 2s.
1037 1564 1050 1603 :
1082 1538 1243 1623 pleg.
1267 1538 1434 1622 Elya
1454 1539 1590 1603 filio
1617 1538 1936 1616 Waldevi,
1957 1539 2004 1603 J
2005 1538 2256 1604 ohanne
2279 1540 2419 1623 Lyt.
2440 1575 2533 1587 —
2553 1541 2602 1604 J
2603 1540 2893 1605 ohannes

617 1626 792 1691 filius
823 1626 1136 1691 Willelmi
1167 1625 1626 1691 Molendinarii
1670 1646 1783 1709 pro
1828 1625 2085 1690 eodem:
2135 1625 2297 1710 pleg.
2331 1631 2510 1709 patre
2540 1646 2661 1690 suo
2695 1627 2895 1711 (Con-

619 1712 937 1798 donatur).
960 1751 1048 1760 —
1064 1712 1432 1776 Willelmus
1476 1711 1725 1794 Popley
1759 1732 1874 1795 pro
1919 1711 2159 1789 eodem,
2218 1719 2245 1775 1
2259 1712 2395 1775 2d.:
2437 1711 2604 1797 pleg.
2645 1713 2894 1778 Thema

618 1799 1105 1865 Molendinario.
1129 1833 1218 1845 —
1238 1799 1513 1863 Thomas
1533 1798 2037 1863 Molendinarius
2060 1798 2141 1862 de
2158 1798 2527 1881 Pampeden
2546 1820 2664 1882 pro
2686 1806 2893 1865 trans-

615 1888 936 1971 gressione
963 1887 1133 1951 facta
1161 1885 1443 1950 Domino
1473 1884 1680 1948 Priori
1713 1891 1835 1948 2s.:
1879 1884 2041 1969 pleg.
2074 1885 2351 1949 Patricio
2397 1884 2476 1950 de
2522 1886 2890 1971 Staneryar.

617 2011 706 2020 -—
727 1973 1039 2038 Robertus
1083 1973 1254 2036 filius
1283 1971 1584 2036 Waldevi
1622 1972 1777 2054 quia
1818 1970 1947 2035 fuit
1988 1971 2059 2035 in
2104 1972 2227 2036 soc’
2258 1971 2339 2035 de
2382 1971 2636 2037 duabus
2681 1973 2890 2056 sayle-

617 2059 850 2123 uandis
893 2059 1180 2122 sut-andis
1221 2064 1288 2122 et
1329 2057 1516 2123 vend'
1546 2058 1718 2142 apud
1750 2058 2009 2121 Novum
2055 2058 2369 2122 Castrum.
2468 2058 2892 2142 Compertum

617 2152 718 2209 est
745 2144 918 2228 quod
961 2165 1092 2208 non
1122 2152 1222 2208 est
1249 2143 1606 2229 culpabilis.
1696 2144 1852 2208 Ideo
1896 2144 2308 2208 condonatur.
2332 2181 2420 2191 —
2441 2145 2764 2210 Robertus
2811 2148 2892 2212 de

620 2230 1014 2314 Chivington
1065 2230 1217 2314 quia
1260 2230 1558 2294 vendidit
1601 2236 1821 2295 contra
1849 2231 2116 2295 assisam
2163 2231 2262 2295 6d.
2284 2268 2372 2278 —
2397 2231 2893 2297 Consideratum
3025 2310 3026 2315 γ

615 2323 716 2382 est
746 2317 919 2400 quod
950 2316 1211 2380 Beatrix
1241 2315 1377 2379 filia
1404 2317 1559 2381 Edae
1586 2323 1918 2400 recuperet
1946 2316 2027 2381 de
2047 2317 2220 2400 Elya
2243 2317 2709 2383 molendinario
2745 2320 2889 2385 13d.
3025 2340 3026 2347 ¹

703 2404 1056 2467 SUTHWYK.
1145 2403 1385 2468 Omnes
1405 2402 1606 2467 bondi
1635 2404 1714 2468 de
1742 2402 2078 2468 Suthewik
2099 2405 2253 2487 quia
2280 2424 2413 2468 non
2441 2404 2898 2471 satisfecerunt

614 2490 805 2554 Petro
835 2489 913 2553 de
944 2487 1383 2564 Hetheworth‚
1416 2494 1503 2554 5s.

702 2577 1079 2640 WERMUTH.
1172 2575 1491 2640 Cristiana
1519 2576 1786 2640 Textrix
1823 2576 1901 2641 de
1940 2576 2335 2641 Gatisheued
2379 2576 2563 2641 dabit
2607 2579 2895 2643 Domino

617 2663 824 2727 Priori
858 2668 944 2728 2s.
977 2683 1091 2746 pro
1145 2668 1273 2726 18s.
1314 2661 1605 2726 levandis
1647 2663 1726 2726 de
1754 2663 2087 2728 Willelmo
2127 2663 2261 2726 filio
2310 2662 2491 2727 Elbae
2532 2670 2600 2728 et
2643 2666 2893 2731 Thoma

616 2749 750 2814 filio
783 2749 1053 2815 Ceciliae.
1076 2784 1164 2795 —
1188 2750 1479 2827 Quatuor
1514 2751 1831 2832 juratores
1870 2771 1985 2834 pro
2015 2749 2508 2825 concelamento,
2537 2751 2611 2814 in
2640 2753 2892 2817 miseri-

616 2836 831 2901 cordia
881 2837 1020 2901 12d.
1113 2836 1543 2901 Condonatur.
1581 2874 1655 2882 —
1675 2835 1831 2900 'rho’
1875 2837 1957 2900 de
2010 2836 2396 2919 Cotingham
2443 2836 2645 2902 habet
2690 2839 2892 2903 licen-

615 2925 782 2988 ciam
812 2923 1037 2989 arandi
1065 2929 1300 2989 terram
1331 2922 1607 3008 Agnetis
1642 2923 1954 2987 Redhude
1995 2943 2111 3006 per
2152 2923 2312 2987 duos
2342 2943 2543 2988 annos
2574 2944 2693 3007 pro
2723 2926 2890 2990 rned’

614 3009 928 3076 habenda.

700 3098 1082 3162 FULEWELL.
1168 3097 1539 3162 Willelmus
1584 3097 1780 3179 Maye
1826 3096 1996 3180 cepit
2024 3096 2262 3160 toftum
2306 3103 2371 3160 et
2413 3101 2651 3162 terram
2691 3119 2890 3182 qum
3025 3060 3026 3117 3

615 3182 866 3247 Alanus
910 3183 1084 3247 filius
1129 3184 1306 3246 Petri
1348 3185 1581 3259 tenuit,
1610 3182 1902 3247 faciendo
1947 3183 2214 3247 servicia
2256 3189 2577 3261 consueta,
2608 3190 2675 3249 et
2707 3186 2890 3250 dabit

612 3267 697 3332 ad
724 3269 1103 3352 g’summam
1138 3275 1288 3345 20s.‚
1317 3290 1512 3352 quam
1543 3276 1780 3333 terram
1814 3269 2062 3333 tenebit
2089 3270 2171 3333 ad
2200 3276 2380 3334 term.
2411 3271 2566 3334 vitae
2595 3291 2771 3336 suae:
2821 3279 2890 3337 et

613 3354 826 3418 dictus
870 3354 1118 3418 Alanus
1162 3354 1336 3418 filius
1380 3356 1559 3420 Petri
1600 3356 1865 3420 habebit
1906 3361 2043 3419 tota
2070 3356 2209 3419 vita
2252 3376 2370 3420 sua
2411 3356 2778 3440 hospicium
2816 3360 2888 3422 in
3025 3388 3026 3415 1

614 3440 787 3505 dicto
829 3441 995 3503 tofto
1047 3446 1114 3504 et
1156 3445 1286 3505 tres
1332 3442 1519 3505 rodas
1566 3442 1869 3526 predictae
1914 3447 2116 3520 terrae,
2144 3442 2449 3508 videlicet
2480 3444 2553 3507 in
2592 3445 2890 3528 quolibet

611 3546 838 3610 campo
867 3547 1065 3591 unam
1093 3526 1328 3591 rodam.

699 3614 994 3679 SCHELIS.
1083 3614 1400 3678 Robertus
1430 3614 1716 3679 Clericus
1747 3615 1918 3698 cepit
1961 3615 2282 3699 cotagium
2310 3616 2482 3699 quod
2512 3616 2886 3683 Willelmus
3025 3678 3026 3699 ἦ

609 3701 903 3766 Anketin
933 3701 1163 3779 tenuit,
1182 3701 1504 3767 reddendo
1529 3702 1863 3784 antiquam
1882 3703 2131 3766 firmam
2157 3727 2170 3766 :
2214 3703 2302 3766 Et
2325 3703 2505 3767 dabit
2532 3704 2617 3767 ad
2645 3706 2888 3788 g’sum-

611 3808 783 3852 mam
819 3795 846 3851 1
862 3789 962 3853 2d.
984 3828 1071 3837 —
1093 3788 1392 3853 Eufemia
1418 3789 1647 3853 relicta
1675 3789 1908 3872 Rogeri
1937 3789 2132 3872 Lyolf
2154 3790 2328 3873 cepit
2356 3791 2681 3873 cotagium
2714 3792 2889 3875 quod
3025 3804 3026 3863 ἑ

608 3875 711 3937 vir
749 3895 905 3939 suus
950 3875 1180 3952 tenuit,
1222 3875 1393 3940 redd.
1441 3896 1502 3958 p.
1537 3895 1588 3939 a.
1639 3874 1738 3939 6d.
1763 3912 1848 3921 —
1868 3875 2242 3940 Willelmus
2293 3876 2670 3960 Wytheued
2714 3880 2889 3963 cepit
3025 3932 3026 3943 ,

609 3960 874 4024 (1011111111
904 3982 1099 4043 quam
1130 3962 1354 4026 Simon
1384 3963 1568 4026 Poite
1597 3960 1826 4038 tenuit,
1855 3962 2026 4026 redd.
2057 3984 2118 4046 p.
2149 3983 2203 4027 a.
2242 3963 2381 4027 12d.

694 4047 1096 4112 WYUEs‘roU.
1184 4047 1231 4111 J
1231 4048 1451 4112 uliana
1481 4049 1760 4131 Sprunte
1801 4049 1974 4132 cepit
2001 4055 2237 4112 terram
2280 4070 2474 4132 quam
2518 4049 2778 4116 Alanus
2807 4052 2886 4118 de

607 4133 909 4199 Suthwik
938 4134 1150 4197 tenuit
1179 4154 1512 4218 quousque
1543 4143 1672 4199 tres
1702 4141 1991 4199 vesturas
2021 4137 2391 4219 perceperit,
2423 4157 2619 4219 quani
2649 4143 2885 4203 terram
3025 4150 3026 4181 Ὺ

607 4219 781 4303 cepit
831 4219 1228 4296 seminatam,
1279 4226 1346 4284 et
1398 4222 1574 4285 dicta
1619 4222 1668 4285 J
1670 4221 1889 4285 uliana
1946 4222 2300 4287 satisfaciet
2355 4225 2536 4306 prius
2595 4223 2884 4290 Henrico

608 4306 848 4370 Bullok
878 4306 959 4370 de
1006 4312 1254 4390 septem
1304 4308 1554 4384 marcis,
1601 4315 1667 4372 et
1716 4308 1997 4373 Domino
2052 4309 2259 4373 Priori
2302 4330 2416 4392 pro
2461 4310 2682 4374 debito
2728 4312 2888 4377 dicti

605 4393 806 4457 Alani
849 4399 1097 4475 septem
1141 4394 1390 4469 11161616,
1431 4394 1728 4458 terminis
1772 4393 2121 4458 solucionis
2166 4396 2250 4459 ad
2295 4397 2477 4461 Pent.
2527 4418 2720 4476 ann0‚
2751 4406 2887 4474 etc,

605 4480 1018 4564 nonagesimo
1048 4480 1342 4563 septimo,
1376 4485 1527 4556 20s.,
1556 4480 1638 4543 ad
1668 4480 1905 4544 festum
1943 4481 2004 4545 S.
2038 4481 2379 4547 Outhberti
2420 4484 2489 4546 in
2522 4483 2886 4567 Septembri
