3042 5034
235 500 273 557 1
287 499 381 557 38
391 500 444 557 2.
785 508 1102 557 HALMOTA
1132 508 1496 557 PRIORATUS
1527 507 2010 557 nonmusls.
2415 500 2442 557 l
2456 499 2535 557 73

228 676 314 732 et
367 668 494 731 sub
540 668 676 731 ead.
722 687 933 751 poena,
976 667 1126 732 Joh.
1174 667 1254 730 de
1314 667 1535 732 Jarow
1578 675 1646 731 et
1690 666 1845 749 Rog.
1891 666 1972 731 de
2016 666 2537 732 Laxton—Dies

231 756 383 819 dat.
418 764 518 818 est
546 754 592 818 J
595 755 693 817 oh.
727 754 808 818 de
839 754 1143 818 Dunelm.
1176 753 1257 816 ad
1303 753 1572 817 faciend.
1603 753 1810 835 legem
1841 773 2025 816 suam
2069 754 2151 817 ad
2182 774 2359 837 prox.
2406 775 2535 820 cur.

231 843 328 906 de
385 863 459 906 eo
490 842 662 925 quod
699 862 833 905 non
863 841 1160 924 promisit,
1189 839 1364 904 Will.
1396 840 1483 904 fil.
1515 840 1830 923 Stephani
1873 841 1919 923 ij
1968 840 2162 904 boves
2210 861 2322 924 per
2356 841 2385 924 j
2433 862 2535 907 an.

233 930 332 993 ad
369 929 586 992 arand.
619 936 766 992 terr.
798 928 878 992 de
921 948 1089 991 novo
1119 934 1306 1010 capt„
1336 927 1454 991 ult.
1502 928 1574 990 in
1626 934 1754 991 ten.
1806 927 1851 990 J
1856 927 1957 990 oh.
1991 928 2071 990 de
2100 926 2423 1005 Dunelm.‚
2470 936 2537 993 et

233 1017 460 1081 eciam
506 1016 678 1099 quod
726 1023 865 1079 arat
908 1012 1051 1101 [sic]
1095 1023 1242 1079 terr.
1288 1015 1480 1098 praed.
1528 1015 1735 1078 Willi.
1766 1014 1927 1078 citra
1963 1014 2104 1079 fest.
2137 1015 2198 1080 S.
2233 1015 2408 1079 Petri
2453 1014 2536 1078 ad

237 1103 540 1167 Vincula
569 1104 765 1185 (Aug.
804 1105 871 1185 l)
900 1123 1077 1185 prox.
1110 1102 1252 1177 fut„
1282 1103 1404 1165 sub
1436 1122 1627 1185 poena
1657 1102 1727 1165 xl
1747 1101 1803 1166 d.

338 1191 827 1253 WlnnvNGToN.
917 1190 1298 1272 Injunctum
1343 1195 1442 1251 est
1485 1189 1789 1252 omnibus
1831 1195 1960 1252 ten.
1994 1187 2169 1253 villae
2196 1194 2265 1252 et
2294 1188 2535 1253 villatae

238 1278 333 1341 de
391 1277 832 1349 Walleshend,
865 1277 1038 1359 quod
1088 1296 1220 1338 non
1273 1276 1521 1341 molant
1572 1276 1731 1339 alibi
1781 1296 1978 1359 quam
2009 1276 2093 1340 ad
2143 1275 2421 1341 molend.
2453 1275 2535 1340 de

237 1364 703 1441 Walleshend‚
732 1363 855 1428 sub
886 1384 1078 1446 poena
1105 1363 1192 1427 di.
1230 1382 1476 1426 marcae.

343 1452 714 1515 ston'rfl.
803 1450 906 1514 De
952 1449 1232 1513 Matilda
1275 1470 1476 1514 uxore
1519 1449 1783 1514 Thomae
1826 1447 2058 1514 Fische
2101 1450 2214 1533 qui
2260 1450 2535 1514 succidit

240 1539 465 1621 sirpos
496 1539 522 1618 (
539 1568 597 1592 =
629 1539 766 1601 bant
794 1557 867 1600 or
894 1537 1088 1619 beuta)
1127 1544 1350 1601 contra
1395 1556 1653 1620 poenam
1696 1537 1991 1621 positam,
2020 1536 2189 1600 infra
2218 1557 2536 1622 campum,

237 1634 450 1710 prout
480 1634 779 1707 compert.
812 1634 928 1698 est,
958 1624 1038 1687 de
1069 1644 1260 1707 poena
1291 1625 1359 1686 xl
1380 1624 1438 1688 d.

343 1712 652 1777 HARTON.
743 1712 846 1775 De
891 1711 1136 1774 Thoma
1166 1711 1245 1775 de
1277 1711 1341 1773 N
1344 1716 1544 1774 euton
1572 1717 1628 1773 et
1657 1712 1756 1773 six
1784 1710 1986 1773 others
2027 1709 2182 1793 quia
2225 1717 2535 1792 ceperunt

243 1799 464 1863 cabul.
498 1809 564 1863 et
593 1799 722 1863 alia
766 1799 1123 1861 necessaria
1158 1799 1185 1880 j
1220 1798 1406 1861 navis
1452 1798 1672 1861 fractae
1717 1797 1858 1860 sine
1908 1796 2013 1860 lio.
2057 1797 2207 1861 Joh.
2241 1796 2535 1880 Godwyn

241 1887 597 1951 servientis
622 1885 908 1960 manerii,
928 1884 1007 1948 de
1027 1905 1220 1968 poena
1236 1886 1542 1967 imposita
1562 1884 1629 1947 xl
1648 1883 1709 1947 d.
1784 1884 1871 1946 Et
1892 1883 2262 1966 injunctum
2280 1890 2381 1947 est
2402 1903 2537 1947 om·

243 1975 449 2037 nibus
481 1982 605 2037 teu.
633 1973 808 2035 villae
836 1972 1009 2055 quod
1042 1971 1265 2035 nullus
1295 1992 1515 2035 eorum
1549 1971 1794 2034 faciant
1822 1970 2071 2053 aliquid
2093 1971 2535 2053 magisteritun

244 2061 425 2124 infra
455 2060 837 2136 dominium,
865 2059 922 2122 si
953 2058 1172 2142 aliqua
1201 2058 1387 2121 navis
1417 2059 1504 2121 sit
1532 2058 1754 2133 fracta,
1776 2077 1895 2121 nec
1921 2057 2094 2140 quod
2126 2067 2537 2121 ammoveant

245 2148 462 2211 cabul.
497 2168 614 2211 nec
643 2147 865 2230 aliqua
895 2145 1024 2208 alia
1066 2145 1424 2209 necessaria
1472 2144 1613 2209 sine
1665 2143 1768 2208 lic.
1814 2144 1980 2207 dom.
2032 2144 2134 2208 vel
2178 2145 2537 2219 servientiS,

244 2235 380 2299 sub
413 2256 601 2317 poena
631 2254 665 2298 c
687 2232 929 2297 s.—De
957 2232 1175 2296 Adam
1221 2233 1445 2296 Carter
1487 2237 1556 2296 et
1577 2233 1743 2314 som·
1770 2232 1971 2295 others
2011 2231 2168 2314 quia
2211 2251 2402 2296 canes
2432 2231 2535 2296 sui

245 2328 710 2407 pugnaverunt
737 2340 990 2404 gregem
1022 2328 1307 2403 tempore
1330 2318 1809 2401 angnelacionis
1834 2318 2177 2402 [aynellare
2208 2349 2266 2373 =
2299 2339 2538 2400 agnum

235 2430 574 2495 procreare
594 2407 707 2471 Du
727 2404 1080 2493 Gange],ad
1099 2427 1291 2490 grave
1311 2406 1667 2488 dampnum
1686 2405 1872 2481 dom,
1891 2407 2229 2470 maciando
2248 2407 2317 2491 iij
2340 2425 2538 2491 agnos

249 2517 421 2582 pree.
457 2496 614 2578 xviij
649 2496 728 2570 d.,
758 2494 838 2558 de
869 2493 1176 2577 quolibet,
1208 2493 1288 2557 de
1318 2494 1467 2557 m’ia
1498 2494 1562 2577 vj
1586 2493 1645 2557 d.

346 2589 654 2647 Scnoensss‘.
742 2582 845 2645 De
873 2580 1088 2644 Alicia
1119 2580 1301 2644 Leolf
1328 2601 1445 2663 pro
1468 2580 1496 2664 j
1531 2579 1705 2645 scala
1733 2580 2000 2645 detenta
2028 2581 2186 2644 Rob.
2234 2579 2426 2645 Swan
2457 2580 2536 2644 de

251 2671 373 2754 xiij
408 2690 636 2753 ronges
667 2689 831 2752 pree.
865 2689 909 2731 x
930 2668 1009 2745 d.,
1038 2668 1121 2732 de
1151 2668 1302 2731 m’ia
1330 2668 1396 2751 vj
1424 2667 1485 2733 d.

348 2935 530 2994 1382.
579 2927 957 3012 11.—Apud
1002 2928 1384 2991 Wolveston
1416 2927 1520 2990 die
1552 2927 1753 2990 Lunae
1782 2946 1958 3009 prox.
1990 2931 2138 3009 post
2176 2926 2317 2990 fest.
2358 2926 2535 2991 Wol-

250 3019 404 3082 fridi
453 3018 756 3100 Episcopi
786 3036 1001 3079 coram
1045 3014 1327 3078 dominis
1371 3015 1620 3077 Thoma
1649 3013 1728 3077 de
1761 3013 2041 3095 Corbrig‚
2075 3012 2262 3087 burs„
2292 3012 2538 3077 Thoma

250 3108 334 3170 de
366 3105 664 3175 Claxton,
692 3124 843 3177 sen„
872 3103 918 3167 J
921 3103 1020 3165 oh.
1053 3102 1134 3166 de
1163 3101 1359 3165 Elvet
1388 3106 1456 3164 eb
1483 3101 1629 3164 aliis
1662 3101 1733 3185 [a
1754 3101 2011 3183 portion
2039 3100 2118 3182 of
2136 3101 2235 3163 the
2263 3101 2537 3184 headiuy

247 3196 310 3257 ὗε
339 3192 618 3274 decayed,
648 3191 754 3253 but
784 3190 882 3254 the
910 3211 1062 3273 year
1090 3210 1359 3272 appears
1371 3189 1557 3271 from
1586 3189 1684 3251 the
1714 3188 2132 3251 indorsmnent
2160 3187 2239 3250 in
2267 3209 2311 3251 a
2339 3189 2538 3252 coeval

339 3279 630 3429 ἷῐᾶιὲστοιῐ
682 3378 956 3427 BOEULW.
1045 3363 1149 3427 De
1201 3362 1567 3444 Margareta
1618 3360 1697 3424 de
1758 3361 2037 3438 Mai-ton,
2078 3363 2234 3447 quia
2276 3363 2535 3447 collegit.

256 3453 422 3518 blad.
465 3454 633 3515 infra
676 3451 736 3514 le
780 3450 962 3514 stoks
1006 3458 1230 3513 contra
1276 3448 1515 3513 defens.
1540 3449 1753 3513 —De
1783 3449 1962 3513 Will.
2008 3448 2305 3534 Raynald
2349 3471 2466 3535 pro
2502 3452 2530 3533 j

258 3550 674 3693 giu-prestun
702 3538 879 3688 faftfa
901 3536 1219 3686 ἵζρίθηρο
1247 3535 1491 3619 gravell
1534 3556 1650 3619 pro
1681 3538 2136 3602 emendacione
2180 3545 2366 3602 terrae
2400 3559 2534 3602 suae

369 3646 690 3690 auxumam
725 3646 760 3688 x
858 3647 893 3687 u
975 3643 1092 3697 ers,
1122 3643 1145 3685 1
1190 3643 1235 3686 s.

349 3716 813 3777 BlnLYNGHAM.
903 3711 1006 3774 De
1052 3643 1322 3773 Beionia
1365 3708 1604 3773 ancilla
1648 3709 1783 3775 Ric.
1813 3709 2083 3774 Walker
2123 3730 2240 3793 pro
2283 3710 2534 3775 insultu

259 3804 429 3865 facto
481 3800 803 3863 Johantiae
854 3796 1040 3860 uxori
1088 3797 1349 3860 Thomae
1403 3797 1735 3881 Miryman
1780 3817 1986 3880 usque
2025 3797 2109 3861 ad
2156 3798 2535 3863 effusionem

260 3887 609 3969 sanguinis,
654 3889 864 3968 ipsam
907 3883 1301 3948 verberando
1355 3884 1422 3946 xl
1448 3884 1506 3948 d.
1528 3883 1744 3948 —De
1791 3884 1927 3949 Ric.
1981 3883 2268 3962 Walker‚
2320 3885 2534 3951 Alicia

261 3996 456 4040 uxore
487 3976 647 4053 ejus,
677 3973 949 4035 Betonia
978 3970 1216 4034 ancilla
1247 3970 1436 4054 praed.
1470 3971 1608 4035 Ric.
1640 3991 1755 4054 pro
1785 3977 1978 4035 trans.
2009 3971 2186 4036 facta
2214 3972 2261 4037 J
2262 3972 2535 4038 ohaunae

261 4062 478 4127 uxoris
522 4060 664 4145 [sic]
708 4060 971 4123 Thomae
1001 4058 1332 4140 Miryman
1376 4057 1459 4121 ad
1504 4056 1717 4140 damp.
1746 4057 1951 4140 ipsius
1993 4058 2318 4125 Johannae
2359 4082 2449 4124 xx
2468 4082 2537 4136 s.,

261 4160 450 4234 prout.
479 4169 618 4211 com
630 4156 879 4229 pei-tum
911 4154 1010 4209 est
1039 4165 1154 4229 per
1181 4144 1436 4228 inquis„
1467 4144 1627 4226 xviij
1648 4144 1900 4208 d.—De
1930 4146 2177 4210 Thoma
2206 4147 2533 4231 Miryman

261 4238 410 4321 quia
462 4234 824 4298 verberavit
868 4232 1170 4296 ancillam
1209 4232 1344 4297 Ric.
1380 4230 1666 4306 Walker,
1716 4251 1831 4315 per
1873 4232 2047 4315 quod
2091 4234 2355 4298 admisit
2396 4234 2536 4318 [sic]

261 4324 538 4387 officinm
563 4343 750 4384 suum
773 4340 887 4404 per
910 4320 952 4402 ij
979 4319 1371 4402 septimanas
1389 4317 1472 4381 ad
1495 4318 1704 4400 damp.
1734 4317 1804 4380 xl
1822 4319 1900 4395 d.,
1919 4320 2000 4383 de
2022 4321 2173 4384 m'ia
2192 4322 2257 4403 vj
2284 4320 2536 4384 d.—De

262 4414 623 4493 Margareta
666 4407 893 4471 relicta
937 4407 1072 4470 Ric,
1120 4405 1200 4468 de
1246 4404 1588 4479 Monkton,
1616 4404 1790 4468 unde
1831 4405 2109 4470 Thomas
2154 4407 2351 4470 frater
2379 4426 2535 4469 suus

257 4496 680 4582 respondebit,
703 4496 856 4578 Rog.
880 4494 1069 4576 Page,
1090 4490 1347 4556 Davido
1361 4490 1639 4565 Walker‚
1658 4490 1704 4552 J
1708 4491 1807 4553 oh.
1828 4491 2070 4566 Lutlin,
2090 4492 2242 4555 Rob.
2263 4493 2537 4567 Yutson,
