3042 5034
553 488 579 545 l
594 487 628 544 3
638 488 672 544 6
1068 494 1382 544 HALMOTA
1411 492 1777 542 PRIORATUS
1808 492 2288 541 DUNELMENSIS.
2650 482 2678 539 l
2693 480 2729 537 3
2738 479 2772 537 7
2782 480 2838 537 6.

541 657 844 737 38881818
873 659 1028 717 881·
1061 650 1283 736 -quod
1312 650 1592 735 quilibet
1619 650 1752 714 ten'
1776 648 1883 714 del
1911 649 2198 713 Estrawe
2229 648 2538 712 claudant
2565 647 2845 732 gal-dina

550 745 781 891 suadet
809 739 985 823 quod
1015 739 1236 803 nullus
1267 759 1488 803 eorum
1516 741 1783 802 teneant
1825 756 2234 802 communem
2264 735 2439 799 viam
2467 735 2553 801 ad
2584 736 2844 800 exitum

553 848 667 912 gar

649 1004 832 1066 1376.
877 1001 1005 1064 III.
1010 999 1296 1083 -Apud
1339 999 1595 1075 Heb’'n,
1639 999 1745 1063 die
1790 998 2025 1063 Martis
2068 997 2140 1061 in
2182 996 2395 1081 prima
2438 1003 2603 1080 sept.
2635 995 2842 1080 quad-

553 1089 901 1171 ragesimae,
944 1108 1159 1151 coram
1202 1085 1479 1150 dominis
1526 1135 1539 1149 .
1586 1137 1600 1150 .
1709 1086 1789 1149 de
1839 1084 2134 1167 Aslakby
2180 1091 2345 1160 terr„
2375 1084 2717 1148 Willelmo
2760 1082 2842 1146 de

557 1142 859 1258 Killerby
903 1173 1385 1251 11818.,Τ110188
1429 1172 1491 1236 S'
1495 1178 1595 1237 tas
1644 1171 2016 1249 8888888110,
2060 1178 2128 1236 81
2170 1172 2217 1236 J
2219 1171 2474 1234 ohanne
2517 1170 2602 1235 de
2643 1170 2844 1234 Eluet

559 1268 626 1325 et
655 1261 819 1325 81118.

651 1346 1149 1431 [WALLESEND]
1269 1346 1518 1430 Compt.
1583 1351 1683 1409 881
1754 1365 1870 1428 per
1934 1350 2409 1409 sacramentum
2474 1345 2604 1427 jur.
2664 1343 2843 1427 quod

562 1433 875 1497 Ricardus
903 1433 1114 1495 Aruas
1145 1433 1406 1497 nativus
1439 1432 1687 1496 domini
1716 1451 1797 1494 ex
1827 1439 2138 1495 uxoratus
2182 1430 2323 1514 [sic]
2355 1436 2423 1494 et
2450 1435 2744 1494 moratur
2771 1431 2842 1493 in

562 1520 820 1584 Horton
852 1523 918 1583 et
945 1519 1279 1583 «Iohannes
1308 1519 1525 1582 Aruas
1570 1524 1668 1583 est
1712 1518 1910 1583 frater
1952 1519 2093 1601 8388
2138 1526 2204 1581 81
2247 1523 2347 1581 est
2389 1515 2526 1580 ead'
2554 1517 2744 1581 cond'
2774 1522 2842 1580 et

560 1606 886 1671 moratur
868 1627 937 1669 111
957 1605 1241 1690 Ylayton
1266 1605 1348 1690 [2]
1372 1611 1566 1689 prout
1587 1605 1883 1669 creditur.
1928 1605 1975 1669 J
1977 1605 2265 1668 ohannes
2282 1604 2557 1667 Watson
2577 1603 2843 1667 nativus

562 1693 809 1757 domini
852 1697 919 1757 et
961 1700 1245 1756 moratur
1287 1692 1358 1755 in
1403 1692 1841 1758 Northumbr'.
1931 1693 1977 1756 J
1980 1712 2065 1755 08
2107 1690 2283 1754 111188
2327 1689 2605 1754 Η881181
2647 1689 2840 1773 Egill’

564 1781 699 1846 ead'
730 1780 913 1844 cond'
944 1784 1010 1843 et
1052 1785 1339 1843 moratur
1365 1780 1436 1843 in
1481 1779 1670 1843 Novo
1715 1779 1942 1843 Castro
1984 1777 2055 1841 in
2100 1776 2434 1860 Pampden
2479 1796 2633 1840 cum
2662 1776 2842 1840 Wal-

562 1873 700 1931 tero
732 1867 893 1931 Kaa

652 1955 1147 2018 HETHEWORTH.
1234 1953 1339 2015 De
1379 1950 1626 2015 Thoma
1654 1951 1949 2034 Aunfray
1978 1951 2131 2035 quia
2173 1950 2387 2014 tenuit
2416 1970 2626 2013 unum
2670 1954 2840 2014 cota-

566 2041 746 2125 gium
789 2040 1009 2103 uxoris
1039 2041 1085 2104 J
1088 2039 1361 2102 ohannis
1407 2039 1741 2102 Chiriman
1772 2037 1946 2102 ultra
1973 2038 2213 2101 festum
2244 2037 2306 2101 S.
2339 2036 2617 2100 Martini
2662 2056 2779 2120 pro

564 2126 964 2224 praeteritum
986 2131 1177 2208 prout
1194 2125 1563 2209 injunctum
1585 2125 1713 2188 fuit
1742 2125 1916 2189 81111
1898 2145 1970 2187 18
1998 2123 2230 2187 ultima
2259 2124 2437 2187 curia
2464 2122 2550 2187 ad
2578 2123 2842 2206 dampn’

566 2212 670 2296 pd.
717 2211 935 2274 uxoris
979 2212 1025 2274 J
1028 2211 1302 2275 ohannis
1349 2211 1685 2276 Chiriman
1732 2211 1876 2279 40d.
1922 2215 2116 2293 prout
2159 2215 2563 2293 compertum
2613 2215 2719 2273 881
2762 2210 2840 2273 (18

567 2297 1004 2362 misericordia
1036 2297 1136 2361 6d.
1169 2297 1264 2381 [N
1266 2318 1303 2361 0
1333 2303 1522 2381 entry
1550 2319 1635 2362 on
1666 2297 1778 2362 the
1822 2296 2120 2380 subject
2100 2317 2173 2362 m
2207 2301 2393 2373 1376,
2423 2297 2513 2360 II.
2607 2297 2792 2359 But
2773 2317 2840 2358 m

575 2388 762 2460 1376,
809 2383 860 2447 Ι.
906 2383 963 2447 18
1014 2391 1047 2416 “
1066 2384 1171 2447 De
1223 2383 1504 2448 Mariota
1557 2384 1913 2467 Chiryman
1972 2404 2087 2467 pro
2144 2383 2594 2447 tabernacione
2649 2383 2842 2447 unius

569 2471 805 2553 cotagii
834 2470 973 2534 8188
1004 2469 1278 2534 licencia
1306 2471 1554 2534 domini
1582 2471 1845 2535 Thomae
1873 2470 2197 2553 Aumfray
2231 2469 2348 2535 ed?
2352 2470 2394 2553 ']

658 2558 1019 2621 ΜΟΝΚΤΟΝ.
1110 2557 1480 2621 Willelmus
1510 2559 1764 2622 Jakson
1808 2558 1981 2640 cepit
2013 2556 2073 2640 [“
2086 2557 2113 2640 j
2147 2556 2372 2620 bond”
2401 2558 2612 2620 struck
2656 2557 2839 2643 out]
2813 2578 2840 2640 J

570 2644 810 2708 toftum
832 2649 900 2707 et
922 2644 1200 2708 croftum
1223 2649 1289 2708 et
1311 2643 1496 2726 xxiiij
1521 2664 1698 2711 acras
1719 2649 1905 2708 181188
1923 2643 2196 2707 ultimo
2178 2663 2250 2705 18
2266 2648 2499 2707 188818
2518 2644 2565 2708 J
2568 2642 2846 2708 01188818

570 2732 772 2814 patris
824 2730 963 2794 sui:
1014 2729 1401 2795 1181188181
1441 2730 1699 2794 tenend.
1746 2730 1829 2793 ad
1871 2730 2277 2794 voluntatem
2328 2729 2580 2792 domini
2628 2730 2693 2813 [“
2719 2737 2846 2796 ter-

571 2818 825 2882 minum
854 2818 1008 2881 vitae
1052 2819 1217 2882 suae’
1221 2817 1470 2880 'smack
1511 2818 1685 2901 out]·
1671 2866 1685 2879 .
1743 2815 1914 2880 redd.
1946 2838 2006 2901 p.
2039 2837 2092 2881 8.
2127 2823 2217 2881 88.
2261 2816 2434 2899 quod
2477 2816 2662 2898 prius
2708 2818 2847 2882 red-

574 2905 741 2969 didit
807 2910 971 2969 128..
959 2929 972 2942 ·
1029 2903 1398 2987 incipiendo
1458 2903 1705 2967 solvere
1762 2903 1847 2967 ad
1905 2903 2148 2967 festum
2208 2903 2268 2966 S.
2331 2902 2607 2970 Martini
2667 2924 2847 2986 prox.

572 2993 903 3056 futurum:
952 2991 1124 3054 redd.
1155 3010 1271 3073 pro
1315 2990 1522 3074 primo
1567 3009 1738 3053 anno
1772 2996 1879 3066 48,
1909 2995 1976 3053 81
2004 2988 2286 3054 secundo
2316 3009 2485 3054 anno
2517 2993 2628 3064 88,
2659 2998 2730 3053 81
2758 2991 2850 3055 818

572 3078 652 3142 de
681 3099 850 3143 anno
881 3078 952 3141 18
981 3098 1222 3141 8881118
1254 3077 1406 3140 dum
1428 3076 1671 3140 fuerit
1653 3097 1722 3138 18
1753 3082 1986 3191 tenura
2029 3096 2194 3140 888-
2220 3075 2444 3140 -Gres’
2446 3095 2509 3137 m
2514 3075 2572 3138 'a
2603 3040 2850 3153 68.8(1.,

572 3166 984 3229 condonatur.

680 3250 1033 3314 SUTHWYK.
1152 3251 1254 3314 De
1305 3252 1351 3315 J
1354 3248 1606 3314 ohanne
1653 3249 1819 3313 Reid
1870 3269 1986 3333 pro
2045 3251 2161 3312 arr’
2210 3268 2474 3333 operum
2517 3248 2545 3331 3
2611 3250 2850 3334 cotagii

574 3337 948 3420 quondam
929 3356 1002 3398 18
1030 3344 1259 3399 188818
1287 3338 1333 3401 J
1337 3336 1608 3400 ohannae
1638 3336 2020 3402 Marmedok
2050 3336 2245 3401 debit'
2269 3335 2551 3400 manerio
2584 3335 2668 3400 de
2698 3336 2850 3400 Fu]-

576 3422 727 3486 well
773 3443 812 3485 a
858 3427 1085 3521 retro
1057 3422 1135 3486 de
1164 3422 1253 3504 vij
1287 3423 1494 3522 88818,
1524 3443 1638 3506 pro
1667 3443 1796 3506 quo
1840 3429 2098 3487 tenetur
2126 3428 2366 3487 metere
2411 3422 2480 3485 in
2511 3425 2851 3506 autumpn'

567 3598 692 3680 jur.
725 3596 896 3679 quod
927 3597 970 3660 J
976 3594 1259 3659 ohannes
1290 3595 1368 3660 de
1399 3596 1701 3660 szorth
1731 3594 2001 3661 habebit
2043 3595 2293 3660 edificia
2321 3595 2516 3659 unius
2545 3595 2852 3679 bondagii

574 3683 749 3784 quod
806 3684 979 3748 idem
1036 3683 1083 3747 J
1084 3683 1369 3747 ohannes
1434 3689 1501 3746 et
1562 3682 1880 3746 Robertus
1947 3682 2183 3765 Smyth
2243 3687 2551 3765 ceperunt
2609 3681 2695 3746 ad
2756 3684 2854 3746 in-

574 3771 806 3848 vicem,
833 3777 900 3836 81
927 3770 1100 3834 idem
1123 3769 1439 3833 Robertus
1468 3768 1737 3833 habebit
1771 3768 2113 3852 gardinum
2141 3768 2394 3852 herbag'
2425 3774 2493 3833 et
2513 3770 2561 3834 J
2561 3766 2853 3834 ohannes

578 3858 761 3921 dabit
802 3858 906 3941 pd.
940 3858 1219 3921 Roberto
1254 3863 1339 3924 28.
1386 3855 1454 3918 18
1500 3876 1717 3931 manu,
1747 3863 1814 3919 et
1842 3855 2015 3939 quod
2046 3856 2151 3939 pd.
2183 3856 2230 3920 J
2234 3855 2518 3919 ohannes
2564 3875 2851 3920 comora-

574 3944 792 4007 bitur
773 3964 840 4006 m
865 3944 1170 4027 praedicto
1194 3943 1331 4027 [sw]
1357 3942 1628 4006 edificiis
1652 3948 1719 4006 81
1738 3941 1855 4005 1118
1883 3942 2332 4006 manutenebit
2359 3946 2426 4005 et
2454 3943 2854 4007 sustentabit

574 4049 690 4112 pro
733 4034 913 4093 term.
945 4030 1099 4093 vitae
1142 4049 1275 4093 8888
1303 4037 1370 4094 81
1411 4031 1481 4093 18
1513 4029 1642 4093 fine
1684 4029 1947 4092 termini
1990 4029 2094 4092 sui
2136 4028 2205 4091 in
2259 4027 2621 4093 sufficiente
2673 4034 2851 4093 statu

577 4114 879 4191 dimittet,
912 4120 977 4178 et
1020 4135 1213 4197 super
1241 4115 1364 4178 hoc
1407 4115 1776 4198 injunctum
1820 4120 1920 4179 881
1961 4114 2068 4197 pd.
2098 4115 2146 4179 J
2148 4115 2390 4178 ohanni
2420 4114 2596 4197 quod
2626 4117 2853 4180 veniat

575 4208 642 4266 et
670 4199 884 4264 trahat
913 4220 1156 4264 moram
1185 4200 1428 4265 ibidem
1458 4209 1608 4266 ante
1638 4203 1875 4266 festum
1911 4201 2184 4264 Martini
2212 4221 2388 4284 prox,
2422 4201 2541 4264 fut.

659 4288 1119 4351 WYUESTOWE.
1210 4287 1689 4353 lucrementum
1719 4288 2006 4352 redditus
2040 4288 2141 4351 4d.
2230 4287 2511 4352 Isabella
2539 4308 2690 4371 quae
2725 4289 2852 4352 fuit

570 4395 735 4438 uxor
777 4375 823 4437 J
825 4373 1098 4436 ohannis
1127 4372 1348 4436 Walas
1378 4374 1561 4437 venit
1602 4375 1673 4437 in
1716 4375 1895 4438 curia
1937 4380 2003 4438 et
2032 4375 2205 4456 cepit
2235 4378 2302 4437 et
2331 4373 2470 4457 [sic]
2502 4377 2852 4439 tenement'

570 4465 636 4523 et
657 4461 790 4541 xxij
825 4478 1001 4523 acras
1024 4464 1207 4521 terrae
1236 4464 1302 4521 81
1325 4459 1528 4521 881818
1552 4459 1724 4541 [viij]
1747 4460 1872 4523 acr’
1902 4460 1983 4523 de
2008 4467 2175 4523 terra
2198 4459 2545 4523 Hostilar’:
2574 4459 2849 4526 habend.

2484 4752 2507 4773 b
