3042 5034
606 472 683 530 18
1123 478 1437 527 HALMOTA
1466 477 1830 526 PmoRATUs
1861 475 2339 526 DUNELMENSIS.
2686 468 2875 526 1345.

597 636 895 721 operibus
954 655 1099 719 quae
1157 634 1502 718 aliquando
1570 635 1845 699 faciebat
1907 636 2190 700 manerio
2249 635 2330 699 de
2389 633 2705 699 Heworth
2770 634 2875 698 sd

600 726 820 789 G'sma
853 729 939 786 5s.
970 720 1253 786 solvend.
1285 723 1367 785 ad
1397 720 1563 785 festa
1587 721 1648 785 S.
1674 721 2014 785 Michaelis
2037 728 2104 786 et
2126 722 2403 785 Martini
2420 742 2599 805 proin.
2631 721 2877 785 futura.

600 810 772 893 Pleg.
805 808 1115 873 Ricardus
1146 807 1319 872 filius
1350 807 1679 891 Radulphi
1707 814 1773 871 et
1802 808 2114 872 Ricardus
2144 809 2224 873 de
2255 808 2562 890 Coquina.

686 896 1151 959 WEREMOUTH.
1228 895 1630 977 Praeceptum
1660 900 1759 958 est
1787 894 1961 977 quod
1990 916 2032 957 x
2063 914 2225 958 acrae
2252 901 2436 958 terrae
2465 914 2626 977 quas
2656 894 2878 958 Alicia

468 968 471 973 ⁶
600 982 807 1065 Willy
835 982 1200 1046 tabernavit
1229 980 1499 1044 diversis
1530 980 1612 1043 ad
1641 980 1926 1044 diversos
1954 981 2262 1045 terminos
2293 987 2359 1045 et
2400 982 2446 1063 ij
2495 1000 2659 1044 acrae
2685 986 2878 1045 terrae

600 1089 761 1152 quas
813 1069 1096 1151 Rogerus
1141 1067 1221 1131 de
1263 1066 1608 1150 Wardeley
1651 1067 2012 1131 tabernavit
2064 1068 2311 1133 Simoni
2362 1066 2443 1131 de
2487 1067 2878 1132 Moreslawe

600 1154 1600 1305 ⁰²1³3'33332T13w2ffl313h3355?
1601 1174 1803 1303 affl.
1832 1154 2587 1305 {issfissssffffimnemn
2633 1260 2709 1303 σε
2760 1240 2872 1303 ‘t‘

600 1326 840 1391 toftum
871 1332 937 1391 et
972 1326 1063 1407 xij
1111 1290 1288 1389 acras
1332 1331 1534 1403 terrae,
1581 1326 1872 1390 faciendo
1919 1346 2110 1409 opera
2151 1327 2437 1390 manerio
2481 1332 2678 1407 prout
2710 1259 2875 1389 {hui

602 1413 845 1477 tinetur
887 1413 959 1475 in
1000 1412 1063 1476 le
1115 1411 1440 1478 Landbok.
1535 1411 1720 1476 Idem
1773 1412 1947 1495 cepit
1998 1412 2158 1476 duas
2209 1433 2387 1476 acras
2437 1417 2642 1489 terrae,
2695 1411 2873 1476 redd.

600 1520 660 1582 p.
716 1519 768 1563 a.
826 1498 1005 1562 16d.:
1079 1498 1167 1561 Et
1217 1518 1262 1561 v
1313 1518 1488 1563 acras
1547 1504 1731 1562 terrae
1781 1498 1862 1562 de
1909 1497 2266 1575 dominicis,
2310 1498 2482 1563 redd.
2528 1518 2589 1581 p-
2640 1504 2874 1562 a..5a:

600 1586 687 1649 Et
730 1586 841 1669 viij
883 1605 1061 1649 acras
1103 1584 1183 1648 de
1227 1591 1397 1648 terra
1424 1584 1686 1649 Ricardi
1731 1583 2051 1660 Hosteler‚
2097 1584 2272 1648 redd.
2316 1605 2376 1668 p.
2422 1604 2476 1648 a.
2529 1590 2660 1648 los.
2709 1604 2877 1667 quas

602 1671 814 1736 dictus
859 1673 904 1737 J
907 1672 1190 1735 ohannes
1232 1675 1416 1755 pater
1456 1691 1613 1735 suus
1656 1672 1836 1754 prius
1879 1672 2108 1735 tenuit.
2196 1672 2283 1733 Et
2325 1670 2437 1734 dat
2478 1670 2564 1733 ad
2601 1671 2879 1754 g'smam
3021 1682 3022 1747 ξ

603 1763 735 1823 333.
770 1757 870 1823 4d.
900 1756 1183 1822 solvend.
1217 1755 1392 1843 [etc]
1416 1790 1505 1803 —
1527 1756 1763 1820 Matin’
1793 1757 1929 1820 filia
1957 1756 2004 1820 J
2006 1756 2276 1821 ohannis
2305 1756 2385 1821 de
2414 1756 2668 1823 Herton
2700 1757 2881 1839 cepit

599 1846 733 1996 gii-{1
747 1864 922 1909 acras
953 1845 1034 1909 de
1062 1843 1195 1907 illis
1224 1844 1333 1927 xvj
1356 1843 1519 1943 acris
1550 1844 1630 1907 de
1660 1850 1827 1968 terra
1855 1842 2114 1993 ξιζτἭ
2143 1842 2445 1994 ῌῖἑᾌιὲΙθι·
2465 1842 2882 1993 ᾳιιειιεοεᾱίοἘ

602 1951 716 2081 (1Ξῂ
734 1950 946 2100 {1311ng
949 1936 1328 2081 mrlsggis
1351 1950 1532 2014 prius
1560 1934 1775 1994 tenuit
1797 1980 1810 1993 .
1903 1950 1942 1993 a
2022 1950 2068 1992 n
2115 1978 2163 1992 ..
2359 1980 2372 1993 .
2403 1949 2462 2013 p.
2486 1949 2539 1994 a.
2697 1980 2713 1993 .

688 2102 958 2166 SHELES.
1045 2101 1415 2168 Willelmus
1445 2108 1511 2167 et
1537 2103 1584 2167 J
1587 2101 1869 2167 ohannes
1899 2101 2021 2165 filii
2040 2101 2358 2165 willelmi
2385 2101 2469 2166 de
2498 2101 2879 2178 Blenkowe,

602 2187 789 2271 pueri
833 2187 1003 2251 infra
1053 2193 1328 2264 aetatem,
1379 2195 1687 2273 ceperunt
1735 2208 1941 2252 unum
1992 2188 2232 2252 toftum
2283 2187 2565 2251 divisum
2615 2188 2688 2250 in
2743 2188 2880 2252 duo
3021 2228 3022 2273 3

600 2272 871 2337 dimidia
896 2274 1061 2336 tofta
1090 2275 1263 2355 quod
1290 2276 1337 2340 J
1340 2275 1559 2339 uliana
1585 2274 1809 2340 relicta
1827 2273 2148 2338 willelmi
2178 2273 2258 2338 de
2287 2273 2636 2338 Blenkowe
2663 2280 2882 2339 mater

600 2360 890 2443 ipsorum
937 2359 1253 2422 Willelmi
1305 2366 1372 2424 et
1420 2362 1464 2425 J
1469 2360 1741 2425 ohannis
1797 2361 1974 2445 prius
2013 2360 2266 2425 tenuit:
2322 2358 2634 2425 habend.:
2692 2360 2878 2427 redd.
3021 2384 3022 2389 ¹

600 2466 661 2527 p.
693 2466 749 2510 a.
791 2444 945 2527 xijd.
1038 2445 1275 2509 G’s’ma
1308 2451 1436 2510 lOs.
1482 2447 1764 2511 solvend.
1812 2447 1894 2510 ad
1938 2446 2175 2511 festum
2205 2447 2266 2511 S.
2300 2445 2646 2511 Michaelis
2689 2467 2879 2530 prox.

600 2532 910 2596 futurum.
998 2532 1084 2595 Et
1127 2533 1282 2614 quia
1332 2532 1491 2596 dicti
1542 2532 1910 2597 Willelmus
1970 2538 2037 2597 et
2093 2534 2137 2597 J
2142 2532 2426 2596 ohannes
2479 2534 2574 2596 ita
2632 2538 2881 2598 tenerae

601 2617 809 2682 aetatis
855 2624 1011 2681 sunt
1052 2618 1225 2701 quod
1269 2618 1569 2683 nesciunt
1613 2619 1823 2683 adhuc
1862 2619 2104 2703 seipsos
2150 2619 2501 2703 gubernare
2545 2639 2666 2684 nec
2696 2620 2884 2684 dicto

598 2703 761 2768 tosto
792 2703 1144 2788 disponere,
1191 2705 1563 2770 Willelmus
1610 2705 1787 2769 filius
1837 2706 1994 2769 Edae
2042 2705 2413 2788 manucepit
2464 2724 2603 2769 esse
2654 2714 2882 2770 custos
3021 2756 3022 2789 5

600 2798 667 2855 et
699 2797 951 2856 curator
993 2812 1213 2856 eorum
1259 2792 1342 2856 ad
1384 2792 1734 2857 terminum
1764 2792 1876 2874 viij
1911 2811 2226 2855 annorum
2271 2811 2445 2874 proli.
2478 2791 2677 2856 futur.
2772 2792 2884 2856 Ita
3021 2810 3022 2815 ¹

600 2878 772 2960 quod
801 2877 1193 2943 sufficienter
1235 2880 1556 2963 reparabit
1586 2885 1654 2942 et
1682 2879 2073 2942 sustentabit
2104 2878 2351 2942 dictum
2380 2878 2621 2941 toftum
2652 2898 2882 2962 sump-

595 2965 774 3029 tibus
819 2966 1108 3048 propriis.
1198 2966 1285 3030 Et
1328 2965 1593 3030 habebit
1636 2965 1993 3047 proficuum
2038 2964 2195 3028 dicti
2242 2963 2392 3027 tofti
2436 2963 2714 3028 durante
2757 2971 2884 3029 ter-
3021 2968 3022 2977 ’

599 3051 776 3114 mino
798 3052 1118 3134 praedicto,
1194 3053 1281 3116 Et
1309 3051 1702 3116 sustentabit
1730 3071 1837 3115 eos
1868 3052 1936 3113 in
1958 3051 2138 3115 victu
2167 3056 2234 3114 et
2260 3050 2505 3114 vestitu
2533 3050 2882 3115 sufficient.

598 3142 665 3200 et
708 3135 1062 3219 hospitabit
1092 3158 1197 3201 eos
1240 3139 1312 3201 in
1354 3139 1519 3201 tofto
1563 3137 1868 3220 praedicto
1912 3137 2182 3201 durante
2227 3136 2503 3201 termino
2544 3137 2878 3219 praedicto.

599 3222 686 3284 Et
736 3223 807 3284 in
858 3222 986 3286 fine
1029 3223 1143 3305 viij
1192 3244 1506 3287 annorum
1551 3224 2004 3307 praedictorum
2050 3223 2343 3306 praedicti
2389 3222 2769 3288 Willelmus
2816 3231 2885 3289 et
3021 3232 3022 3239 ’

598 3308 643 3372 J
647 3306 932 3370 ohannes
984 3308 1321 3373 intrabunt
1371 3310 1440 3372 in
1499 3310 1882 3393 praedictum
1939 3311 2180 3373 toftum
2243 3315 2309 3373 et
2374 3308 2541 3372 inud
2607 3311 2882 3392 pacifice
3021 3312 3022 3315 ’

599 3391 930 3455 habebunt
975 3399 1041 3457 et
1081 3396 1397 3458 tenebunt
1439 3397 1681 3479 absque
1710 3395 2174 3479 impedimento
2218 3394 2324 3459 vel
2360 3396 2884 3461 contradiccione

596 3478 891 3561 praedicti
949 3478 1265 3543 Willelmi
1323 3481 1443 3545 filii
1490 3483 1661 3547 Edae.
1751 3482 1924 3566 Pleg.
1979 3483 2191 3546 Adam
2243 3482 2524 3565 Layney,
2583 3482 2881 3548 Waltero

599 3564 779 3641 Yole,
811 3572 877 3629 et
908 3566 1277 3631 Willelmus
1308 3567 1388 3632 de
1419 3569 1693 3651 Byrden.

684 3652 1077 3717 PYTINGDON
1108 3654 1304 3718 SUTH.
1386 3654 1602 3718 Adam
1631 3654 2142 3719 Molendinarius
2172 3654 2346 3738 cepit
2373 3654 2463 3738 vij
2498 3674 2698 3731 acras,
2729 3663 2800 3720 et
2828 3658 2873 3739 ij

594 3739 779 3802 rodas
810 3745 992 3804 terrae
1022 3739 1103 3804 de
1133 3741 1470 3805 dominicis
1515 3741 1795 3805 Manerii
1839 3740 1918 3805 de
1949 3741 2319 3824 Pytingdon
2356 3741 2646 3823 jacentes
2679 3762 2880 3826 super

594 3824 1017 3890 Wardeknoll
1053 3828 1245 3909 juxta
1295 3834 1532 3892 terram
1584 3827 1817 3891 Isoldae
1868 3827 2109 3891 relictae
2160 3826 2459 3912 Hugonis
2511 3827 2876 3910 Lymbryn·

593 3930 743 3973 nere
769 3935 781 3972 :
830 3911 1134 3977 habend:
1179 3914 1352 3978 redd.
1383 3935 1442 3998 p.
1472 3934 1525 3977 a.
1557 3934 1671 3996 pro
1695 3934 1841 3977 acra
1877 3914 2016 3977 lod.
2095 3914 2182 3976 Et
2210 3913 2324 3977 dat
2353 3913 2436 3976 ad
2463 3915 2736 3996 g'smam
2770 3914 2873 3978 6d.

595 3996 680 4143 Elt
710 3996 978 4119 ξὲαίρίεῒ,
1008 3998 1254 4064 solvere
1300 4001 1550 4064 firmam
1594 4000 1676 4063 ad
1721 4000 1960 4064 festum
1990 4000 2171 4064 Pent.
2205 4000 2400 4063 Anno
2443 3999 2716 4063 Domini
2748 4005 2872 4065 etc.

596 4102 638 4143 x
667 4101 731 4163 ν]
785 4134 797 4146 .
2292 4100 2300 4107 ·

679 4168 1181 4232 EST-RAYNTON.
1270 4172 1371 4236 De
1400 4172 1734 4237 Willelmo
1758 4172 2090 4236 Massham
2121 4179 2187 4236 et
2215 4172 2516 4236 omnibus
2539 4171 2721 4237 villae
2749 4176 2871 4256 qui

590 4260 813 4319 tenent
864 4255 1058 4319 boves
1106 4276 1219 4338 pro
1272 4259 1495 4336 caruc',
1549 4266 1780 4342 praeter
1824 4257 2232 4322 Willelmum
2284 4257 2695 4334 Firmarium,
2748 4279 2872 4342 pro

588 4341 865 4424 dampno
897 4341 1064 4406 facto
1093 4342 1165 4405 in
1194 4345 1394 4426 pratis
1423 4345 1468 4409 J
1472 4346 1745 4409 ohannis
1775 4345 1881 4409 del
1911 4346 2068 4408 Wra
2097 4345 2180 4409 ad
2208 4343 2567 4428 dampnum
2601 4344 2704 4409 sd.

672 4428 1244 4492 WEsT—RAYNTON.
1335 4430 1438 4493 De
1489 4431 1852 4494 Christiana
1900 4431 2139 4495 ancilla
2183 4431 2530 4495 Forestarii
2560 4452 2677 4513 pro
2724 4431 2873 4515 leyr
