3042 5034
204 495 237 551 l
252 494 293 551 3
304 493 344 552 7
352 494 409 551 Ο.
766 501 1081 550 HALMOTA
1109 499 1471 551 PmORATUs
1499 503 1977 554 DUNELMENSIS.
2379 499 2405 556 l
2417 500 2493 557 Ol

196 661 381 725 with
410 661 524 726 the
555 660 894 743 exception
925 660 998 724 of
1018 658 1349 744 Wryght’s
1379 680 1516 737 son,
1538 661 1668 725 and
1697 661 1787 726 all
1816 661 1929 727 the
1961 662 2270 730 demisees
2292 664 2367 729 of
2387 666 2502 730 the

196 749 557 814 demesnes
587 767 739 812 save
771 746 1215 830 coldingham,
1242 766 1479 830 appear
1505 748 1580 811 in
1609 747 1795 813 other
1821 750 2107 834 entriea]

301 837 789 900 lerto'rons.
877 834 981 898 De
1011 833 1096 897 Is’
1128 834 1446 911 Breuster,
1475 834 1693 899 Alicia
1721 836 2306 921 Aneslaymayden,
2332 839 2498 924 Agn’

199 922 358 986 filia
384 922 649 986 Thomae
677 919 758 986 de
787 919 1064 1004 Tyndall
1093 940 1208 1003 pro
1236 919 1393 1004 leyr,
1430 920 1571 987 18d.

303 1010 676 1073 Hsssnmm.
764 1007 979 1072 Adam
1008 1006 1328 1091 Hardyng
1355 1008 1539 1071 venit
1566 1011 1634 1073 et
1661 1008 1836 1092 cepit
1865 1029 2072 1074 unum
2100 1011 2424 1096 cotagium
2453 1033 2498 1075 x

200 1116 399 1160 acras
442 1101 627 1160 terrae
670 1093 995 1177 quondam
1036 1093 1107 1157 in
1150 1099 1381 1159 tenura
1406 1093 1572 1159 Adae
1603 1094 1903 1161 Sadeler:
1945 1095 2218 1161 habend'
2262 1104 2328 1163 et
2367 1099 2498 1163 ten'

201 1183 297 1246 ad
346 1182 750 1247 voluntatem
792 1180 1101 1245 Domini:
1143 1180 1315 1244 redd.
1361 1201 1421 1264 p.
1452 1201 1506 1246 3.
1554 1182 1868 1246 scaccario
1905 1188 2030 1248 103.
2072 1189 2138 1248 et
2180 1184 2275 1268 iiij
2309 1205 2499 1269 opera

205 1270 511 1334 manerio
552 1269 624 1331 10
670 1273 1043 1351 autumpno,
1073 1272 1140 1331 et
1182 1266 1355 1350 cepit
1388 1273 1477 1332 83.
1508 1272 1575 1332 et
1603 1268 1649 1351 ij
1693 1269 1857 1334 fores
1902 1269 1986 1334 ad
2028 1271 2500 1354 reparacionem

205 1355 385 1420 dicti
432 1354 705 1439 cotagii:
748 1353 1115 1439 incipiendo
1166 1354 1411 1418 solvere
1457 1354 1540 1418 ad
1590 1355 1831 1420 festum
1882 1357 2063 1422 Pent.
2114 1378 2284 1423 anno
2334 1359 2493 1442 lxxj.

206 1443 305 1505 Et
350 1443 603 1507 invenit
647 1441 733 1505 di’
776 1461 937 1505 30133
980 1440 1174 1505 00103
1218 1461 1469 1517 arrurae,
1497 1440 1544 1525 ij
1592 1461 1768 1507 acras
1811 1443 1980 1508 binae
2023 1464 2275 1522 arrurae,
2304 1451 2370 1510 et
2408 1446 2494 1510 di’

206 1530 346 1593 acr'
374 1529 571 1594 fimat'
600 1548 760 1612 quas
790 1529 884 1592 sic
914 1527 1202 1591 dimittet
1229 1527 1301 1590 in
1331 1528 1460 1592 fine
1487 1529 1748 1593 termini
1778 1529 1896 1594 3111.
1984 1530 2072 1594 Et
2113 1531 2495 1616 praedictum

208 1616 547 1701 cotagium
576 1615 647 1679 in
677 1613 1022 1679 sufficienti
1051 1618 1227 1677 statu
1257 1613 1562 1678 dimittet.
1652 1614 1825 1700 Pleg.
1857 1652 1884 1665 ·
1913 1653 1943 1666 ·
1985 1617 2119 1701 [No
2165 1619 2493 1702 gressom]

306 1704 774 1767 Bmmefflm,
889 1701 992 1764 De
1041 1700 1372 1765 Willelmo
1424 1701 1574 1765 Kaa
1634 1700 1694 1784 [“
1717 1703 1832 1784 qt”
1900 1704 2079 1767 above
2136 1705 2238 1768 his
2292 1726 2497 1781 name,

210 1790 509 1874 possibly
537 1796 572 1822 “
595 1787 1044 1864 condonatur,”
1087 1785 1333 1872 though
1377 1793 1495 1851 not
1521 1786 1657 1852 like
1685 1788 1799 1852 the
1838 1789 2137 1873 ordinary
2180 1796 2214 1823 “
2241 1795 2305 1853 9¹·
2320 1791 2354 1816 '¹
2397 1790 2496 1854 for

210 1877 364 1941 that
394 1877 569 1941 word
597 1876 669 1939 in
698 1874 831 1938 this
860 1873 1026 1958 roll],
1056 1874 1101 1939 J
1104 1874 1356 1938 ohanne
1401 1873 1507 1939 del
1552 1874 1789 1952 Toune,
1830 1875 2121 1940 Gilberto
2165 1876 2400 1954 Fauks,
2429 1883 2497 1941 et

210 1962 552 2028 Willelmo
597 1963 679 2027 de
719 1960 1030 2025 Schotton
1076 1960 1136 2044 [“
1158 1966 1233 2043 qt
1242 1960 1275 1987 ''
1319 1961 1499 2025 above
1541 1961 1645 2025 his
1683 1960 1914 2045 name}
1953 1962 2108 2045 quia
2150 1962 2496 2028 noluerunt

210 2055 520 2135 praestare
540 2050 688 2115 lect’
709 2048 971 2113 terrario
992 2067 1107 2131 pro
1125 2045 1364 2125 Halm',
1382 2048 1461 2113 de
1491 2047 1783 2131 quolibet
1809 2048 1926 2125 6d.,
1954 2056 2042 2114 23.
2117 2050 2494 2134 Injunctum

214 2143 320 2202 est
361 2137 665 2201 omnibus
708 2134 1081 2199 tenentibus
1111 2133 1289 2198 villae
1330 2133 1501 2218 quod
1548 2140 1858 2218 praestent
1900 2136 2045 2201 lect’
2089 2139 2351 2202 terrario
2380 2144 2496 2202 aut

214 2223 508 2289 bursario
566 2223 689 2288 sub
747 2241 941 2305 poena
985 2221 1069 2284 di’
1114 2239 1357 2285 marcae.
1380 2258 1470 2270 —
1502 2221 1564 2305 [“
1582 2222 1728 2305 qt’']
1774 2221 1878 2287 De
1922 2243 2120 2289 uxore
2170 2225 2215 2290 J
2219 2225 2494 2289 ohannis

217 2310 599 2376 Gentilman
649 2309 805 2393 quia
853 2307 1064 2372 noluit
1120 2306 1397 2373 vendere
1447 2308 1784 2372 cervisiam
1835 2309 1916 2373 ad
1974 2311 2264 2395 precium
2322 2311 2494 2395 quod

214 2403 559 2462 testatores
581 2394 867 2462 cervisiae
895 2394 956 2459 ei
977 2394 1412 2477 imponebant,
1438 2394 1536 2458 6d.
1561 2432 1647 2441 -
1671 2395 2050 2479 Injunctum
2073 2403 2173 2462 est
2193 2398 2493 2463 omnibus

216 2485 592 2550 tenentibus
620 2482 797 2547 villae
825 2481 998 2564 quod
1042 2480 1261 2545 nullus
1292 2501 1511 2546 eorum
1541 2482 1782 2547 vendat
1824 2482 2050 2548 fimum
2072 2484 2267 2549 alicui
2293 2485 2495 2550 libere

215 2572 468 2637 tenenti
497 2569 605 2635 vel
631 2569 827 2634 alicui
857 2567 971 2632 alii
998 2567 1197 2633 libere
1226 2567 1306 2632 de
1335 2572 1558 2633 cetero,

302 2659 743 2722 WOLUESTON.
834 2655 1213 2738 Injunctum
1243 2658 1341 2719 est
1369 2655 1668 2719 omnibus
1711 2656 2086 2720 tenentibus
2115 2656 2289 2720 villae
2318 2658 2492 2741 quod

219 2745 461 2810 faciant
488 2744 585 2808 les
612 2743 902 2826 lonyngS.
990 2740 1149 2805 Dies
1180 2740 1370 2805 datus
1399 2745 1498 2805 est
1533 2742 1930 2825 juratoribus
1959 2742 2133 2825 quod
2160 2743 2494 2826 inquirant

219 2830 479 2915 dampn’
510 2831 757 2894 Emmae
784 2829 1003 2912 Poppe
1031 2827 1202 2891 facta
1228 2847 1343 2911 per
1362 2828 1770 2892 willelmum
1809 2829 2272 2892 Fair-Jon’son’
2303 2839 2494 2913 prout

220 2920 463 2983 fatetur
487 2917 559 2981 in
589 2916 781 2981 curia.
803 2953 889 2962 ——-
913 2915 1015 2980 De
1037 2914 1268 2979 Emma
1297 2914 1403 2979 del
1423 2914 1627 2978 Holm
1657 2934 1771 2997 pro
1792 2915 2293 2997 transgressione
2324 2915 2492 2979 facta

222 3005 386 3088 Agn’
439 3003 600 3068 Ster'
646 3002 1040 3068 verberando
1083 3000 1467 3066 servientem
1513 3020 1706 3064 suum
1748 2998 1831 3064 ad
1884 2999 2236 3083 dampnum
2286 3002 2493 3085 ipsius

222 3092 388 3174 Agn’
410 3096 602 3174 prout
623 3095 1021 3173 compertum
1052 3093 1151 3152 est
1179 3108 1293 3171 per
1313 3088 1439 3172 jur'
1467 3086 1608 3150 20d.
1634 3087 1714 3151 de
1742 3086 2191 3164 misericordia,
2224 3088 2322 3152 6d.
2390 3089 2493 3152 De

222 3179 445 3242 eadem
473 3177 705 3241 Emma
733 3196 847 3261 pro
890 3174 1391 3258 transgressione
1430 3173 1601 3238 facta
1643 3174 1710 3237 in
1742 3172 1910 3237 blad'
1941 3194 2084 3238 cum
2120 3174 2296 3239 aucis
2326 3176 2495 3259 Agn'

226 3264 384 3330 Ster'
413 3264 497 3329 ad
538 3263 796 3348 dampn’
839 3262 1046 3346 ipsius
1075 3262 1240 3347 Agn'
1288 3260 1385 3324 3d.
1417 3267 1612 3344 prout
1654 3267 2052 3344 compertum
2086 3267 2185 3326 est
2213 3282 2328 3346 per
2348 3262 2495 3346 jur’‚

225 3352 305 3416 de
349 3350 797 3427 misericordia,
832 3349 928 3413 6d.
1017 3349 1121 3413 De
1167 3346 1391 3412 eadem
1436 3348 1666 3411 Emma
1709 3367 1824 3430 pro
1868 3346 2032 3412 falsa
2074 3349 2337 3432 querela
2379 3370 2497 3415 sua

225 3458 444 3503 versus
472 3438 641 3521 Agn’
672 3437 832 3502 Ster'
861 3440 1052 3519 prout
1082 3440 1480 3517 compertum
1510 3439 1627 3510 est,
1661 3434 1758 3499 6d.
1846 3434 1950 3499 De
1972 3437 2237 3519 praefata
2264 3437 2497 3500 Emma

226 3545 340 3609 pro
381 3525 879 3608 transgressione
918 3522 1093 3586 facta
1133 3520 1463 3585 Willelmo
1507 3521 1663 3585 Rois
1704 3521 1922 3605 ipsum
1971 3522 2362 3588 verberando
2414 3524 2495 3587 ad

228 3612 578 3694 dampnum
606 3610 811 3695 ipsius
838 3607 1157 3673 Willelmi
1192 3606 1289 3671 6d.
1320 3613 1513 3690 prout
1544 3615 1943 3691 compertum
1974 3614 2074 3672 est
2100 3629 2214 3691 per
2234 3610 2360 3692 jur’
2395 3610 2492 3673 6d.

229 3737 312 3747 —
335 3697 720 3763 Ordinatum
764 3700 863 3761 est
920 3715 1001 3759 ex
1045 3694 1372 3759 communi
1416 3713 1683 3758 assensu
1726 3695 1899 3776 quod
1949 3695 2225 3776 quilibet
2275 3714 2493 3758 3011110

228 3786 442 3850 veniat
463 3784 544 3848 ad
567 3782 861 3867 praecept’
883 3780 1209 3866 praepositi
1239 3779 1323 3844 ad
1343 3779 1618 3863 ponend’
1642 3780 1827 3843 freth'
1849 3778 2080 3844 hircill’
2106 3786 2172 3844 et
2193 3781 2496 3845 omnibus

230 3871 369 3936 aliis
391 3869 911 3935 ordinacionibus
935 3868 1075 3952 [sic]
1101 3868 1182 3932 ad
1199 3886 1608 3932 communem
1630 3866 2002 3950 proficuum.
2020 3904 2110 3914 —
2127 3866 2498 3933 Willelmus

233 3959 381 4040 May
412 3994 441 4006 -
470 3993 498 4006 -
526 3956 703 4040 cepit
736 3957 764 4040 j
813 3955 1153 4039 cotagium‚
1180 3954 1229 4038 ij
1276 3972 1454 4018 acras
1498 3960 1684 4017 terrae
1724 3972 1886 4036 quas
1916 3953 2200 4038 Rogerus
2230 3954 2501 4020 Litilan-

230 4052 455 4110 notson
484 4044 663 4126 prius
690 4042 905 4108 tenuit
936 4079 962 4091 -
991 4078 1021 4089 -

314 4131 598 4196 COUPON.
685 4130 848 4194 Dies
877 4129 1068 4193 datus
1107 4132 1209 4192 est
1239 4127 1285 4191 J
1287 4125 1531 4190 01130111
1571 4123 1634 4208 [“
1656 4125 1979 4191 Roberto’'
2007 4130 2260 4192 1011ἰίοπ
2300 4128 2503 4213 above]

236 4217 515 4284 Bernard
545 4216 629 4281 ad
657 4216 931 4282 faciend’
974 4215 1187 4298 legem
1230 4233 1415 4278 suam
1451 4213 1533 4278 de
1563 4233 1638 4277 eo
1669 4213 1841 4296 quod
1872 4213 2013 4297 ipse
2042 4235 2162 4279 nec
2191 4236 2354 4280 uxor
2382 4236 2500 4280 sua

232 4309 554 4390 fregerunt
598 4304 662 4368 le
707 4303 1047 4386 Demyngs
1099 4300 1272 4384 apud
1321 4299 1382 4383 [“
1406 4299 1471 4365 le
1514 4300 1963 4384 Demmyngs”
2006 4304 2214 4365 struck
2259 4300 2389 4385 out]
2440 4301 2503 4366 le

233 4393 440 4458 Holm’
477 4391 586 4455 hic
630 4390 714 4455 ad
755 4390 933 4473 prox'
979 4389 1126 4453 cur’.
1221 4388 1605 4471 Injunctum
1649 4393 1749 4451 est
1791 4387 2092 4451 omnibus
2130 4387 2503 4451 tenentibus

232 4481 395 4545 villae
439 4477 618 4562 quod
661 4477 885 4541 nullus
931 4495 1152 4541 eorum
1194 4480 1416 4539 teneat
1443 4474 1620 4538 viam
1665 4471 1839 4556 apud
1881 4472 1944 4537 le
1971 4472 2391 4555 Demmyngs.
2414 4509 2503 4518 —-
