3042 5034
229 490 423 551 1369.
765 501 1079 551 HALMOTA
1108 502 1470 552 PRIORATUS
1500 503 1977 553 DUNELMENSIS.
2428 498 2510 557 85

214 666 323 724 est
350 658 496 725 Jur'
526 658 608 724 (18
636 658 1020 724 Wermouth
1063 665 1133 724 et
1161 658 1437 725 Fulwell
1478 659 1654 744 quod
1682 660 1948 726 videant
1976 667 2208 728 terram
2251 664 2512 731 Ricardi
2631 695 2641 704 ·

216 746 501 846 Gemme
551 752 621 811 et
667 746 986 831 Stephani
1045 747 1269 813 Carter
1324 753 1392 812 et
1450 746 1750 812 dividant
1813 753 2021 814 metas
2083 750 2255 815 inter
2304 758 2506 818 terras

212 833 586 985 Pffl·
672 920 779 985 De
806 919 1022 984 Alicia
1049 918 1288 984 ancilla
1314 919 1587 985 manerii
1607 919 1762 1020 quia
1792 921 2156 987 taber-navit
2177 925 2505 1009 cotagium

210 1026 418 1071 suum
445 1006 589 1071 sine
604 1005 893 1084 licencia,
916 1007 997 1072 (18
1018 1007 1453 1072 misericordia
1473 1027 1552 1071 ex
1574 1007 1803 1091 gracia,
1817 1007 1985 1072 .6(1.-
2018 1046 2043 1057 -
2120 1010 2503 1092 Injunctum
2575 1041 2581 1050 ·

210 1099 321 1158 est
348 1093 518 1158 Adae
561 1092 816 1178 Shropp
844 1094 1018 1194 quod
1046 1094 1327 1177 reparari
1369 1093 1569 1158 faciat
1597 1094 1920 1179 cotagium
1963 1096 2137 1180 quod
2166 1098 2381 1162 tenuit
2422 1099 2504 1164 de

207 1180 441 1245 Alicia
468 1179 706 1245 8881118
732 1181 1006 1245 18888111
1034 1180 1442 1246 sufficienter.

315 1357 505 1430 1369,
565 1353 699 1419 III.
704 1354 1053 1420 —Tercius
1110 1358 1345 1419 turnus
1416 1353 1874 1419 Halmotorum
1930 1357 2252 1441 incipiens
2325 1359 2500 1442 apud

214 1440 393 1505 Heb'
395 1461 442 1503 n
485 1440 591 1505 die
634 1441 815 1506 Lune
844 1440 1158 1525 8181113*ο
1186 1441 1292 1505 die
1336 1441 1571 1506 Marcii
1613 1461 1784 1506 anno
1826 1443 2097 1507 Domini
2141 1443 2498 1510 Millesimo

206 1526 576 1592 ccc¹²²⁰lxix⁰
616 1547 832 1592 coram
874 1528 1155 1593 dominis
1192 1528 1238 1593 J
1243 1527 1495 1592 ohanne
1525 1527 1606 1592 de
1637 1529 2173 1614 Hemmygburgh
2215 1533 2498 1609 terrario,

205 1615 259 1680 J
260 1613 521 1679 ohanne
548 1613 630 1679 de
658 1614 1029 1699 Beryngton
1056 1614 1362 1691 bursario,
1391 1619 1458 1678 et
1485 1614 1732 1678 Thoma
1760 1615 2029 1698 Surtays
2057 1617 2474 1682 seneschall0.

300 1701 781 1767 WILLYNGTON.
871 1701 1257 1785 Injunctum
1285 1706 1386 1766 est
1421 1701 1548 1784 jur'
1592 1700 1785 1765 istius
1827 1701 2006 1765 vinae
2035 1707 2102 1766 et
2128 1702 2373 1768 villatae
2415 1703 2496 1768 de

204 1786 638 1852 Walleshend
708 1788 884 1871 quod
940 1787 1208 1853 videant
1279 1807 1540 1852 cursum
1595 1807 1782 1870 88888
1841 1788 2236 1853 decurrentis
2301 1789 2496 1872 juxta

210 1894 485 1938 murum
521 1875 567 1940 J
570 1874 846 1939 ohannis
889 1874 970 1940 de
999 1875 1324 1939 Monkton
1367 1879 1435 1939 et
1477 1872 1782 1938 ordinent
1822 1880 2074 1938 rectum
2111 1895 2372 1939 cursum
2417 1876 2499 1940 ad

206 1960 603 2027 currendum
625 1961 743 2025 8111
763 1962 979 2026 811888
1002 1960 1354 2045 dampnum
1378 1961 1591 2024 fuerit.
1609 1998 1699 2009 —
1714 1960 1760 2026 J
1763 1959 2048 2026 ohannes
2070 1960 2150 2026 de
2169 1962 2494 2036 Monkton

208 2049 406 2112 venit
454 2047 522 2110 in
575 2047 707 2112 cur’
752 2053 819 2112 et
859 2048 1034 2131 cepit
1078 2068 1287 2112 unum
1343 2046 1746 2131 mesuagium
1795 2054 1862 2111 et
1903 2068 2040 2111 m
2083 2068 2261 2113 acras
2312 2054 2497 2114 terrae

208 2155 367 2218 8888
416 2134 464 2198 J
465 2133 752 2199 ohannes
804 2134 1113 2199 Ponchon
1162 2134 1343 2218 prius
1393 2134 1608 2198 tenuit
1656 2140 1726 2198 et
1774 2154 2030 2199 sursum
2080 2134 2363 2200 reddidit
2411 2137 2496 2201 ad

210 2240 385 2305 opus
440 2221 650 2304 ipsius
707 2221 756 2287 ,J
756 2220 1032 2286 ohannis
1083 2221 1164 2286 de
1216 2219 1582 2285 Monkton:
1646 2219 1921 2285 habend’
1971 2226 2040 2286 et
2094 2222 2352 2287 tenend'
2412 2222 2496 2287 ad

206 2315 400 2372 term.
444 2308 601 2372 vitae
642 2327 812 2372 suae:
862 2307 1032 2373 redd.
1078 2308 1415 2391 antiquam
1457 2307 1728 2383 firmam,
1766 2311 1833 2372 et
1875 2308 2167 2373 faciendo
2209 2309 2494 2373 Domino

207 2399 285 2459 et
341 2393 578 2458 vicinis
636 2414 782 2478 8888
838 2393 1267 2458 incumbunt:
1354 2392 1735 2478 Incipiendo
1792 2394 2038 2460 solvere
2097 2395 2179 2459 8(1
2249 2396 2492 2461 festum

208 2480 493 2545 Martini
548 2480 954 2565 m⁰ccc⁰lxxj⁰
998 2487 1065 2545 et
1114 2501 1248 2545 non
1297 2486 1491 2545 antea
1549 2479 1705 2563 8818
1752 2480 2064 2546 medietas
2115 2482 2315 2546 firmae
2364 2489 2491 2546 ter-

209 2567 385 2631 mini
428 2567 612 2632 Pent’
654 2567 944 2651 ejusdem
996 2567 1152 2631 anni
1196 2566 1612 2643 condonatur,
1655 2569 1723 2631 et
1771 2567 2117 2651 praedictus
2159 2569 2205 2634 J
2207 2567 2494 2634 ohannes

211 2653 531 2718 Ponchon
573 2652 781 2719 solvet
809 2653 1078 2719 alteram
1110 2654 1526 2718 medietatem
1571 2653 1858 2736 ejusdem
1887 2654 2149 2718 termini
2192 2655 2376 2719 Pent'
2412 2675 2494 2719 ex

208 2741 668 2806 convencione.
753 2741 927 2825 Pleg.
957 2777 984 2789 -
1015 2777 1042 2789 -
1129 2742 1217 2805 Et
1245 2740 1358 2805 dat
1384 2761 1500 2825 pro
1528 2740 1813 2824 gres'm’a
1845 2746 1932 2804 2s.

301 2827 611 2892 SUTWYK.
698 2826 865 2911 Agn'
894 2847 1041 2911 8818
1067 2827 1197 2892 fuit
1223 2847 1388 2891 uxor
1414 2825 1676 2890 Thomae
1695 2826 1854 2890 Aire
1883 2825 2058 2910 cepit
2085 2826 2246 2890 duas
2275 2832 2490 2908 partes

206 2913 437 2978 liberae
464 2918 651 2978 terrae
678 2914 970 2996 praedicti
998 2913 1309 2978 Thomae
1287 2933 1362 2976 111
1391 2911 1789 2995 Suthewyk:
1837 2911 2110 2976 habend'
2140 2917 2207 2975 et
2235 2912 2490 2975 tenend'

207 3020 424 3084 88888
474 2999 557 3064 8(1
614 2999 877 3083 plenam
933 3005 1190 3066 aetatem
1247 3000 1479 3064 Aliciae
1536 2998 1689 3062 filiae
1746 3003 1814 3062 et
1869 2997 2142 3062 haeredis
2192 2997 2496 3081 praedicti

209 3087 521 3151 Thomae:
564 3085 738 3151 redd.
766 3086 921 3152 inde
964 3086 1281 3152 scaccario
1310 3086 1391 3151 (18
1416 3085 1622 3151 libera
1648 3084 1833 3149 firma
1882 3089 2012 3149 118.
2043 3088 2110 3148 et
2136 3083 2310 3148 ultra
2358 3090 2489 3149 158.

204 3194 269 3258 p.
303 3193 361 3238 8.
437 3172 667 3257 Ρ18ς.-
700 3173 843 3237 -Et
861 3173 1276 3257 maritagium
1291 3177 1655 3238 reservatur
1673 3170 1972 3235 Domino.
2046 3170 2135 3235 Et
2155 3170 2490 3236 sciendum

208 3258 391 3345 quod
417 3259 730 3343 praedicta
769 3259 987 3325 Alicia
1014 3262 1139 3325 erit
1181 3260 1392 3325 aetatis
1420 3280 1467 3323 x
1494 3277 1812 3323 annorum
1853 3258 1936 3322 ad
1964 3257 2202 3324 festum
2247 3258 2488 3322 exalta-

207 3346 422 3412 818818
453 3345 514 3410 S.
546 3346 774 3411 Crucis
800 3366 979 3429 prox.
1008 3347 1358 3412 futurum-

296 3432 725 3497 Wmoum
814 3433 1195 3517 Injunctum
1224 3440 1323 3498 est
1344 3434 1469 3517 jur'
1500 3431 1675 3516 quod
1702 3432 1983 3516 separari
2012 3432 2253 3497 faciant
2282 3453 2488 3496 unum

206 3524 660 3583 tenementum
709 3519 883 3602 quod
941 3518 1311 3619 Stephanus
1362 3519 1587 3585 Carter
1631 3524 1698 3583 et
1754 3519 2030 3583 Thomas
2081 3520 2306 3583 Porter
2348 3520 2488 3602 jam

204 3606 582 3671 deffunctus
611 3610 920 3690 ceperunt
946 3606 1078 3670 ad
1058 3606 1341 3671 mvicem
1378 3606 1474 3671 ita
1501 3604 1677 3690 quod
1703 3625 1868 3669 uxor
1908 3606 2199 3688 praedicti
2227 3604 2489 3668 Thomae

203 3693 451 3758 habeat
520 3712 721 3757 unam
790 3692 1208 3758 medietatem
1277 3699 1346 3759 et
1421 3693 1767 3778 praedictus
1841 3691 2210 3775 Stephanus
2292 3690 2489 3754 aliam

205 3779 643 3845 medietatem.

293 3866 642 3930 FULWRLL.
731 3865 1114 3949 Injunctum
1156 3872 1258 3931 est
1306 3865 1609 3930 omnibus
1650 3862 2025 3929 tenentibus
2076 3862 2269 3926 istius
2312 3861 2490 3927 811188

206 3959 276 4018 et
308 3951 517 4016 villat’
560 3951 642 4017 de
675 3952 1060 4018 Wermouth
1102 3958 1171 4018 et
1213 3952 1535 4037 Suthwyk
1577 3950 1751 4035 quod
1793 3949 2043 4014 molant
2085 3948 2168 4015 8(1
2212 3949 2490 4015 molend'

206 4040 292 4104 de
324 4038 649 4122 Suthwyk
679 4045 747 4103 et
772 4059 906 4104 non
933 4039 1107 4104 alibi.

295 4125 879 4192 wrm-Rimmon.
998 4125 1378 4210 Injunctum
1435 4129 1536 4190 est
1599 4124 1725 4209 jur’
1783 4123 1957 4207 quod
2014 4124 2349 4207 inquirant
2419 4123 2494 4187 in

208 4216 532 4312 quantam
601 4213 753 4277 terr’
825 4218 892 4278 et
962 4214 1090 4276 ten’
1149 4211 1195 4277 J
1197 4212 1474 4276 ohannis
1544 4212 1824 4276 Tomson
1897 4211 2364 4276 deteriorantur
2421 4210 2494 4272 in

206 4297 463 4364 tenuris
491 4299 541 4362 J
542 4297 816 4364 81188818
844 4300 1073 4364 Rauen
1101 4304 1168 4364 et
1197 4298 1431 4364 Isoldae
1459 4318 1667 4382 nuper
1691 4297 1911 4362 uxoris
1940 4298 2080 4381 ejus
2124 4303 2191 4362 et
2218 4316 2494 4380 11188888-

203 4391 356 4450 tant
376 4384 522 4468 [sic]
543 4384 625 4448 ad
644 4386 891 4469 prox'.-
922 4385 1140 4449 -Dies
1162 4384 1353 4450 datus
1376 4392 1531 4449 est-
1563 4386 1664 4451 J
1668 4384 1910 4448 8118881
1931 4384 2158 4447 Rauen
2178 4389 2244 4447 et
2266 4401 2495 4446 execu-

202 4472 463 4537 toribus
515 4474 890 4539 testamenti
933 4471 1170 4540 Isoldae
1211 4472 1432 4538 uxoris
1476 4491 1628 4548 8888,
1671 4472 1794 4536 viz.
1846 4469 2048 4534 Henr'
2093 4469 2174 4533 (18
2223 4467 2359 4551 [sio]
2411 4466 2500 4528 fil'
