3042 5034
536 507 612 565 13
622 507 657 564 8
1073 515 1388 564 HALMOTA
1417 515 1783 564 PRIORATUS
1815 514 2288 564 DUNELMENSIS.
2633 506 2661 563 l
2676 505 2754 562 37
2766 506 2817 562 7.

527 675 575 738 J
576 674 896 739 ohannem
955 673 1037 737 de
1095 674 1157 757 [“
1177 674 1551 757 Beryngton
1568 673 1601 698 ''
1651 675 1861 737 struck
1917 680 2024 737 out
2040 695 2066 750 ;
2120 680 2156 705 “
2176 672 2767 757 Hemmyngborgh
2786 675 2821 699 '’

513 761 763 845 follows
791 781 871 824 on
898 781 988 823 an
1016 759 1288 843 erasure]
1319 779 1432 843 pro
1454 760 1482 843 j
1514 762 1799 824 tenente'
1828 761 2259 843 pertinentem
2280 760 2308 842 j
2341 760 2553 824 bond'.

618 847 984 911 HESILDEN.
1075 847 1493 929 Compei-tum
1522 852 1623 910 081
1650 866 1767 929 per
1794 852 2268 911 sacramentum
2299 846 2539 930 [qffive
2565 846 2824 930 juror-3]

531 934 704 1017 quod
734 933 1101 998 Willelmus
1144 933 1402 997 Yutson
1446 937 1513 997 et
1557 932 1833 997 Thomas
1863 934 2120 998 Yutson
2163 939 2636 997 commorantes
2670 953 2825 996 cum

529 1021 577 1085 J
579 1020 831 1085 ohanne
860 1020 941 1084 de
971 1018 1291 1085 Hesilden
1322 1018 1401 1083 de
1446 1019 1801 1102 Hertilpoll
1844 1025 1912 1084 et
1938 1020 1986 1084 J
1986 1020 2273 1084 ohannes
2303 1020 2565 1084 Yuteon
2594 1025 2663 1083 et
2694 1019 2823 1081 Ro-

531 1108 750 1171 bertus
792 1107 1048 1171 Yutson
1093 1106 1320 1170 fratres
1364 1105 1821 1189 praedictorum
1864 1106 2185 1171 Willelmi
2228 1111 2298 1171 et
2349 1106 2615 1169 Thomae
2662 1112 2825 1169 sunt

532 1193 742 1258 nativi
772 1193 1021 1257 domini
1050 1193 1287 1256 Prioris
1318 1198 1384 1256 et
1411 1192 1705 1276 praedicti
1751 1193 1811 1276 [“
1831 1193 2107 1257 Thomas
2128 1194 2162 1220 ’³
2188 1194 2397 1257 smack
2424 1192 2560 1275 out]
2592 1200 2661 1257 et
2692 1192 2826 1257 Ro-

531 1281 751 1343 bertus
793 1281 1085 1344 fecerunt
1128 1279 1507 1344 fidelitatem
1554 1279 1847 1343 domino:
1899 1286 1968 1344 et
2017 1280 2065 1344 J
2067 1279 2354 1343 ohannes
2399 1285 2697 1343 moratur
2745 1280 2824 1343 in

533 1365 854 1430 Hesilden
912 1373 979 1430 et
1036 1365 1354 1430 Robertus
1405 1372 1693 1429 moratur
1749 1366 1820 1429 in
1878 1366 2298 1450 Billyngham
2356 1386 2555 1448 super
2611 1372 2823 1430 terras

532 1451 792 1516 domini.
838 1453 1007 1516 Item
1027 1452 1603 1536 praesentantquod
1623 1453 1941 1517 Robertus
1958 1452 2130 1516 filius
2148 1452 2410 1517 Ricardi
2418 1453 2698 1517 Watson
2718 1459 2825 1517 est

531 1539 792 1604 nativus
821 1539 1070 1604 domini
1098 1544 1166 1603 et
1193 1539 1324 1602 fuit
1351 1545 1580 1621 captus
1609 1543 1676 1603 et
1704 1539 2095 1603 deliberatus
2123 1539 2385 1604 domino
2411 1540 2459 1604 J
2461 1539 2709 1603 ohanm
2739 1539 2825 1603 de

535 1625 1118 1711 Hemmyngburgh
1161 1616 1323 1689 tunc
1361 1626 1645 1702 terrario,
1675 1631 1742 1690 et
1771 1626 1942 1689 idem
1972 1627 2274 1691 terrarius
2316 1626 2622 1690 liberavit
2662 1646 2822 1690 011111

529 1713 816 1778 Waltero
845 1714 926 1777 de
955 1711 1272 1776 Hesilden
1301 1732 1381 1777 ex
1412 1711 1932 1795 manucapcione‚
1961 1719 2027 1776 et
2054 1712 2229 1777 idem
2257 1712 2587 1777 Walterus
2630 1714 2823 1776 1111811

531 1820 681 1864 011111
708 1820 932 1864 versus
960 1799 1320 1864 Eboracum
1348 1818 1463 1882 pro
1492 1798 1763 1863 artificio
1787 1798 2044 1876 sellarii,
2075 1804 2143 1863 et
2168 1799 2264 1863 ibi
2285 1805 2588 1863 moratur.
2655 1799 2819 1864 Ideo

529 1887 924 1970 loquendum
982 1892 1082 1950 est
1138 1906 1289 1949 cum
1334 1884 1439 1969 pd.
1488 1885 1790 1949 Waltero
1814 1924 1903 1935 —-
1924 1886 2300 1969 InJ‘unctum
2350 1891 2448 1950 081
2509 1887 2821 1951 omnibus

530 1974 905 2039 tenentibus
933 1972 1108 2037 villae
1137 1973 1310 2056 quod
1338 1972 1609 2035 veniant
1635 1970 1719 2035 ad
1762 1973 2356 2085 praemuniseionem
2388 1972 2685 2037 messoris
2733 1973 2821 2037 ad

531 2060 829 2144 loquend'
858 2079 974 2143 pro
1004 2059 1271 2123 comodo
1302 2057 1549 2123 domini
1578 2063 1645 2122 et
1674 2059 1812 2123 vic'.

614 2147 1076 2210 BILLYNGHAM.
1167 2145 1369 2228 Comp
1372 2150 1582 2209 ertum
1625 2152 1726 2210 081
1767 2166 1882 2229 per
1916 2146 2039 2228 jur.
2071 2146 2246 2228 quod
2288 2145 2567 2210 Thomas
2612 2145 2816 2210 Rich-

527 2232 759 2297 ardson
787 2231 962 2294 filius
994 2230 1272 2296 Gilberti
1294 2232 1374 2295 de
1404 2231 1821 2316 Billyngham
1848 2238 1948 2297 081
1976 2231 2238 2298 nativus
2266 2232 2518 2296 domini
2546 2237 2614 2297 et
2640 2254 2817 2297 mor-

529 2324 675 2383 atur
702 2318 775 2381 in
806 2317 1148 2401 Melsenby
1171 2320 1365 2401 juxta
1392 2318 1810 2383 Richemond.

613 2403 1255 2468 NEUTON-BOEULWE.
1347 2405 1452 2487 Inj
1456 2411 1728 2470 unctum
1749 2410 1849 2470 est
1868 2405 2129 2468 Thomae
2146 2404 2507 2488 Schephird
2524 2405 2819 2489 pondero

525 2491 609 2556 de
637 2489 1053 2574 Billyngham
1084 2491 1257 2574 quod
1286 2492 1550 2555 arestari
1578 2491 1775 2556 faciat
1795 2511 2015 2556 omnes
2042 2491 2337 2556 homines
2358 2492 2820 2558 exercentibus

528 2578 668 2662 [sic]
698 2578 978 2661 injustas
1007 2577 1146 2642 vias
1190 2577 1360 2641 infra
1388 2578 1749 2641 dominium
1794 2578 2028 2642 Prioris
2058 2580 2180 2643 sub
2224 2598 2417 2662 poena
2444 2578 2531 2644 di.
2563 2599 2818 2646 marcae.

528 2665 618 2728 Et
645 2665 850 2730 eciam
884 2664 1057 2748 quod
1101 2683 1323 2727 omnes
1367 2664 1662 2729 homines
1692 2663 1848 2728 dum
1876 2665 2251 2749 praemuniti
2280 2665 2547 2729 fuerunt
2574 2665 2656 2729 (10
2683 2667 2817 2731 vic’

529 2751 765 2817 Prioris
817 2751 951 2816 sint
999 2751 1072 2814 in
1122 2750 1439 2815 auxilium
1491 2751 1788 2834 praedicti
1840 2751 2113 2835 ponderi
2170 2752 2292 2817 sub
2344 2752 2572 2817 eadem
2615 2773 2820 2836 poena

528 2839 814 2905 solvend'
842 2858 958 2922 per
984 2838 1171 2901 illum
1202 2837 1316 2920 qui
1345 2838 1414 2901 in
1445 2837 1720 2902 deffectu
1752 2839 2081 2922 reperitur.

612 2924 1636 2991 Nauron-Kmron.Wa1tems
1680 2924 2009 3009 Bischopp
2052 2930 2120 2988 et
2163 2923 2536 2988 Willelmus
2580 2924 2818 2989 Hoton

519 3015 644 3098 jur.
720 3011 944 3077 Nichil
972 3015 1379 3094 praesentant.

611 3098 1325 3181 Acm.1njun0tum
1354 3102 1454 3162 081
1483 3096 1782 3160 omnibus
1799 3097 2173 3161 tenentibus
2192 3096 2367 3161 villae
2387 3097 2565 3180 quod
2586 3097 2816 3163 nullus

527 3206 748 3249 eorum
776 3183 1007 3248 ludant
1036 3183 1119 3247 ad
1163 3183 1380 3267 pilam„
1404 3218 1493 3229 —
1512 3184 1894 3266 Injunctum
1926 3189 2027 3247 081
2070 3183 2369 3248 omnibus
2398 3183 2814 3268 inhospitan-

524 3272 698 3335 tibus
728 3269 900 3354 apud
921 3269 1128 3354 Acley
1146 3270 1319 3353 quod
1346 3269 1752 3353 inhospitent
1780 3289 2003 3334 01111108
2032 3278 2368 3335 extraneos
2396 3275 2814 3337 transeuntes

527 3357 608 3421 ad
638 3357 833 3440 pedes
863 3357 957 3420 ita
986 3357 1150 3420 bene
1179 3357 1350 3421 810111
1377 3376 1484 3422 008
1515 3358 1632 3440 qui
1658 3357 2043 3440 inequitant.

529 3444 927 3595 ΠΟΗΙιτοέ.
1014 3444 1118 3506 De
1146 3442 1353 3508 Elena
1380 3444 1608 3508 relicta
1636 3443 1897 3507 Thomae
1924 3443 2006 3508 de
2038 3441 2303 3507 Chilton
2330 3463 2447 3526 pro
2475 3444 2812 3509 mercheto

649 3536 677 3593 l
690 3534 761 3593 38
811 3536 849 3593 4

613 3618 788 3682 MlD-
792 3616 901 3680 Μ’.
1014 3616 1394 3700 Injunctum
1453 3621 1554 3680 081
1610 3616 1911 3680 omnibus
1969 3616 2343 3680 tenentibus
2393 3616 2571 3680 vinae
2631 3618 2811 3701 quod

527 3705 804 3790 quilibet
832 3723 1052 3769 eorum
1081 3702 1389 3768 claudant
1415 3702 1683 3787 gardina
1712 3708 1863 3766 ante
1893 3707 1959 3766 et
1986 3709 2211 3767 retro-
2245 3709 2367 3768 -et
2395 3704 2602 3767 eciam
2631 3705 2813 3803 quod

527 3813 659 3856 non
685 3792 1067 3877 permittant
1109 3810 1332 3875 porcos
1363 3809 1482 3853 nec
1526 3788 1744 3872 aliqua
1786 3789 2001 3853 averia
2043 3809 2163 3853 sua
2189 3788 2364 3854 exire
2392 3789 2622 3853 villam
2664 3791 2813 3857 sine

526 3879 833 3943 custodia.
857 3914 942 3928 —
967 3877 1103 3962 [An
1132 3877 1241 3941 old
1268 3876 1648 3961 parchment
1676 3875 1972 3959 marken]
2062 3877 2443 3960 Injunctum
2466 3881 2566 3940 081
2597 3878 2811 3940 0111111-

524 3966 647 4029 bus
676 3965 1046 4029 tenentibus
1073 3963 1247 4047 quod
1290 3962 1566 4046 quilibet
1593 3982 1814 4026 eorum
1859 3969 2205 4045 operantur
2244 3963 2385 4046 [8130]
2431 3962 2512 4026 ad
2556 3964 2810 4028 molen-

527 4051 771 4126 dinum,
793 4051 913 4113 viz.
936 4070 1052 4133 pro
1076 4051 1103 4133 j
1138 4052 1384 4133 cotagio
1413 4051 1568 4134 perj
1591 4048 1780 4125 diem,
1804 4055 1870 4113 et
1892 4051 2048 4132 proj
2071 4049 2387 4133 bondagio
2409 4069 2525 4132 per
2537 4050 2565 4132 j
2594 4049 2769 4114 diem
2793 4077 2811 4116 :

527 4138 614 4201 Et
645 4135 817 4219 quod
845 4135 1123 4218 quilibet
1143 4156 1360 4200 eorum
1386 4136 1646 4219 capiant
1666 4135 1880 4199 locum
1903 4156 2094 4200 suum
2116 4135 2500 4219 tempestive
2530 4142 2601 4200 01
2630 4137 2809 4220 quod

526 4243 658 4288 non
686 4221 932 4285 molant
953 4221 1109 4284 alibi
1126 4242 1322 4305 quam
1344 4223 1424 4286 ad
1448 4221 1890 4286 molendinum
1918 4222 2355 4306 praedictum·
2437 4223 2569 4286 :Et
2598 4225 2808 4287 eciam

525 4311 893 4393 injunctum
936 4308 1309 4372 tenentibus
1337 4308 1511 4372 villae
1540 4309 1747 4373 villat'
1777 4309 1858 4372 de
1886 4309 2197 4373 West-M'
2241 4314 2309 4374 et
2353 4309 2599 4372 Est-M'
2631 4311 2808 4393 quod

527 4417 664 4495 pro
694 4394 985 4478 quolibet
1027 4394 1168 4475 [sic]
1212 4398 1442 4456 tenura
1482 4394 1555 4456 in
1600 4415 1729 4477 qua
1771 4395 2006 4478 aliquis
2057 4400 2209 4459 ante
2253 4395 2533 4494 primam
2575 4397 2803 4478 pestil-

526 4481 776 4546 enciam
793 4479 1160 4543 morabatur
1174 4479 1503 4541 inveniat
1474 4499 1503 4560 J
1525 4480 1852 4543 hominem
1875 4501 1991 4564 pro
2009 4481 2418 4565 reparacione
2439 4482 2805 4547 molendini

525 4571 716 4647 prout
744 4564 966 4629 eodem
995 4569 1280 4646 tempore
1308 4562 1444 4626 fieri
1474 4564 1785 4628 solebant.
