3042 5034
578 485 658 542 20
1096 490 1409 538 HALMOTA
1439 489 1801 537 PBIORATUS
1831 490 1874 536 D
1883 490 2312 539 UNELMENSIS.
2454 482 2482 540 l
2495 481 2531 539 3
2541 483 2576 539 5
2587 481 2652 540 7-
2664 482 2691 538 l
2704 481 2786 538 35
2797 481 2858 539 8.

662 650 973 714 NEUTON-
977 647 1269 711 ΚΕΤΤΟΝ.
1375 648 1476 711 De
1538 647 1809 711 Ricardo
1868 647 1977 713 del
2034 647 2316 713 Newton
2374 668 2490 732 pro
2548 649 2613 713 le
2672 648 2861 733 leyes

577 736 843 801 Domini
876 735 1116 817 depast.
1154 733 1252 798 6d.

664 825 906 886 AGLEY.
966 821 1067 884 De
1099 821 1351 903 Agneta
1379 819 1639 884 Fissher
1668 841 1784 920 pro
1814 821 2015 884 assisa
2043 820 2329 885 cervisiae
2357 821 2561 885 fracta
2594 821 2694 885 6d.
2747 821 2862 885 De

576 910 799 974 eadem
829 908 983 991 quia
1011 907 1223 970 noluit
1252 907 1528 971 vendere
1559 907 1897 971 cervisiam
1926 915 2106 971 extra
2136 907 2401 970 domum
2431 927 2617 970 suam
2650 907 2751 970 6d.

663 997 804 1060 Arr'
862 994 1123 1058 termini
1183 993 1243 1057 S.
1309 992 1650 1058 Outhberti
1723 994 1793 1056 in
1867 994 2228 1077 Septembri
2301 1009 2426 1058 ΑΔ).
2503 994 2858 1058 millesimo

578 1090 758 1148 cccm⁰
759 1082 952 1165 lvijm⁰
983 1118 1009 1128 -
1042 1117 1068 1128 -
1100 1119 1126 1129 -

671 1254 1160 1318 1357-8.—Arr'
1211 1251 1461 1316 Rental’
1510 1252 1593 1317 de
1643 1253 1938 1317 terminis
1987 1252 2258 1316 Martini
2319 1268 2442 1316 Aa).
2506 1251 2859 1317 millesimo

576 1340 906 1423 ccomlvij0
935 1345 1001 1403 et
1030 1340 1211 1403 Pent.
1244 1354 1369 1403 ΑΛ).
1401 1346 1518 1404 etc.
1551 1339 1737 1423 lviij0.

665 1428 1071 1491 MORESLAW.
1161 1426 1263 1489 De
1312 1432 1450 1490 tota
1500 1425 1659 1489 villa
1704 1446 1819 1509 pro
1869 1430 2050 1489 vasto
2096 1425 2180 1489 ad
2231 1425 2481 1489 exitum
2533 1424 2714 1488 villae
2772 1426 2862 1489 de

581 1519 854 1597 utroque
884 1512 1159 1576 termino
1191 1512 1291 1575 sd.

675 1692 854 1753 1358.
888 1688 923 1751 Ι
928 1686 1350 1771 .—[P131]MUS
1380 1686 1712 1749 TURNUS.
1822 1684 2064 1768 .[This
2094 1684 2265 1748 roll
2248 1705 2302 1749 1s
2334 1685 2522 1748 twice
2545 1684 2860 1749 indorsed

577 1774 670 1858 by
700 1773 876 1859 early
917 1774 1187 1851 hands‚‘
1192 1774 1430 1836 ‘Anno
1476 1772 1630 1836 Dni.
1674 1735 1970 1855 mcccliiij
1994 1772 2027 1798 ’¹
2058 1770 2246 1835 and‘
2248 1772 2543 1835 ‘Turnus
2591 1771 2858 1834 Primus

588 1866 771 1937 1354,
826 1862 1142 1926 Robertus
1194 1858 1631 1933 Wallworthe‚
1691 1859 1928 1934 terrar',
1979 1857 2292 1922 Ricardus
2345 1857 2610 1934 Birtele,
2661 1858 2861 1934 burs’,

588 1947 804 2011 13543’
896 1948 963 2012 It
1000 1948 1057 2011 is
1093 1947 1165 2010 in
1192 1945 1321 2010 bad
1367 1951 1549 2021 state,
1585 1944 1715 2008 and
1743 1944 2056 2028 probably
2085 1964 2214 2009 was
2258 1964 2328 2008 so
2359 1943 2549 2007 when
2595 1943 2712 2008 the
2757 1945 2863 2007 in-

581 2033 980 2097 dorsements
1009 2053 1174 2097 were
1210 2032 1417 2113 made,
1449 2052 1519 2095 as
1564 2031 1744 2095 there
1795 2051 1900 2095 are
1944 2030 2224 2094 internal
2267 2029 2607 2095 evidences
2654 2031 2729 2095 of
2769 2031 2862 2095 its

581 2119 773 2202 being
816 2139 856 2182 a
896 2119 1020 2182 roll
1065 2120 1136 2182 of
1181 2123 1364 2181 1358.
1455 2117 1761 2182 Remains
1804 2117 1877 2181 of
1916 2123 2046 2182 two
2093 2116 2277 2181 other
2317 2116 2490 2192 rolls,
2521 2117 2866 2181 doubtless

581 2204 767 2268 those
813 2205 884 2267 of
922 2203 1031 2268 the
1076 2204 1261 2268 other
1288 2210 1472 2267 turns
1502 2204 1574 2268 of
1611 2205 1722 2268 the
1753 2223 1928 2267 same
1956 2224 2126 2287 year,
2157 2223 2263 2267 are
2307 2201 2610 2267 attached
2641 2212 2712 2266 to
2755 2203 2862 2288 it.]

580 2289 953 2354 willelmus
997 2289 1078 2353 de
1119 2291 1448 2353 Munkton
1480 2298 1548 2354 et
1574 2290 1867 2354 Andreas
1898 2290 1978 2354 de
2016 2290 2399 2373 Wilyngton
2439 2295 2763 2353 venerunt
2792 2299 2865 2354 et

581 2381 887 2460 ceperunt
944 2376 1387 2440 molendinum
1444 2377 1526 2440 de
1577 2375 1981 2460 Wylyngton
2025 2426 2039 2440 .
2085 2427 2099 2441 .
2146 2427 2159 2441 .
2217 2376 2309 2460 [et
2326 2376 2378 2459 2]
2439 2375 2862 2441 Wallesende

583 2463 1053 2526 ---adterm.
1101 2513 1112 2525 .
1162 2512 1176 2526 .
1222 2513 1235 2526 .
1282 2461 2456 2546 annorum---reddp.a.61.---

668 2550 713 2614 J
716 2564 968 2614 AROWE.
1042 2549 1143 2612 De
1171 2549 1216 2613 J
1220 2548 1472 2613 ohanne
1503 2548 1727 2613 Houet
1755 2569 1869 2632 pro
1899 2569 2030 2612 uno
2060 2569 2225 2632 equo
2257 2548 2489 2631 Rogeri
2517 2547 2866 2614 Walleson

583 2635 817 2699 amisso
877 2640 944 2699 et
986 2635 1192 2700 occiso
1231 2636 1303 2699 in
1346 2635 1640 2699 custodia
1682 2655 1799 2699 sua
1844 2634 1926 2699 ad
1970 2636 2327 2719 dampnum
2369 2635 2574 2717 ipsius
2620 2636 2868 2720 Rogeri

588 2727 674 2786 6s.
712 2722 811 2786 6d.
841 2728 1032 2806 prout
1059 2727 1457 2806 compertum
1487 2727 1586 2786 est
1615 2742 1730 2804 per
1751 2722 1897 2804 jur„
1929 2721 2008 2786 de
2037 2721 2470 2785 misericordia
2501 2721 2602 2785 3d.

672 2808 1036 2873 MUNKTON.
1066 2811 1071 2815 ’
1126 2810 1227 2873 De
1274 2809 1751 2874 Communitate
1795 2807 1970 2871 villae
2012 2814 2246 2892 praeter
2287 2807 2598 2871 Thomam
2644 2808 2867 2873 Toller

583 2900 649 2959 et
676 2895 1086 2960 Willelmum
1116 2895 1327 2960 Toller
1355 2915 1470 2979 pro
1504 2895 1801 2978 dampnis
1832 2894 2021 2958 factis
2063 2895 2136 2957 in
2179 2895 2504 2959 frumento
2532 2894 2864 2959 willelmi

582 2982 841 3065 Serjant
868 2983 951 3046 ad
981 2983 1336 3065 dampnum
1368 2981 1487 3058 4d.‚
1515 2988 1582 3046 et
1609 2981 1681 3044 in
1711 2980 2141 3045 misericordia
2173 2980 2272 3044 4d.

669 3069 1260 3134 OUER-HEWORTH.
1340 3069 1742 3152 Praeceptum
1771 3073 1870 3131 est
1900 3067 2252 3131 attachiare
2282 3067 2605 3151 Rogerum
2651 3068 2864 3150 Gayt-

584 3154 745 3219 herd
774 3154 855 3218 ad
885 3154 1225 3219 essendum
1268 3155 1376 3219 hic
1419 3154 1501 3217 ad
1545 3174 1721 3237 prox.
1752 3153 1834 3216 ad
1870 3153 2386 3237 respondendum
2415 3153 2496 3217 de
2523 3152 2597 3215 lx
2628 3155 2868 3218 ovibus

583 3240 866 3304 detentis
886 3240 959 3303 in
980 3248 1242 3323 pastura
1262 3240 1532 3304 Domini
1553 3261 1669 3324 per
1683 3240 1796 3323 viij
1822 3259 2024 3304 annos
2046 3239 2296 3322 elapsos
2325 3239 2584 3322 quando
2605 3240 2869 3304 nullam

583 3332 821 3389 terram
864 3324 1107 3389 habuit.
1125 3363 1213 3372 -—
1233 3327 1280 3391 J
1282 3327 1566 3390 ohannes
1612 3327 1854 3392 Oteson
1899 3332 2109 3409 potter
2138 3326 2320 3390 venit
2363 3326 2469 3389 hic
2512 3325 2585 3388 in
2629 3328 2767 3390 cur’
2797 3331 2864 3390 et

588 3411 760 3493 cepit
788 3430 986 3475 unam
1015 3411 1234 3475 rodam
1263 3411 1390 3475 luti
1417 3433 1532 3495 per
1559 3413 1773 3476 visum
1802 3413 2163 3476 vicinorum
2206 3413 2269 3477 ei
2311 3413 2706 3495 assignatam
2747 3434 2867 3496 per

589 3503 793 3562 certas
824 3503 1047 3574 metas,
1076 3497 1247 3562 redd.
1278 3519 1393 3582 pro
1423 3499 1646 3563 eadem
1681 3504 1812 3564 203.
1845 3499 1944 3563 6d.
1975 3498 2259 3563 solvend.
2290 3497 2372 3562 ad
2401 3499 2645 3562 festum
2675 3499 2862 3565 Pent.

588 3605 643 3648 a.
688 3584 819 3647 ιιιιω
848 3591 915 3649 et
961 3585 1020 3650 S.
1069 3585 1343 3649 Martini
1385 3592 1543 3648 tunc
1583 3605 1758 3668 prox.
1806 3605 2009 3668 seq.-
2055 3585 2240 3669 -[In
2283 3585 2395 3648 the
2446 3604 2623 3650 same
2676 3594 2866 3649 court

587 3670 767 3736 three
815 3672 999 3736 other
1048 3692 1311 3755 persons
1360 3692 1526 3735 were
1568 3671 1917 3754 proceeded
1968 3671 2215 3755 against
2259 3671 2358 3734 for
2400 3670 2631 3755 taking
2676 3692 2867 3756 away

586 3778 626 3821 a
674 3759 831 3822 rood
881 3760 953 3822 of
992 3758 1135 3841 clay
1188 3760 1349 3821 from
1408 3758 1520 3821 the
1572 3757 1755 3821 Lord’
1758 3778 1789 3822 s
1838 3758 2087 3841 ground
2133 3756 2409 3821 without
2456 3755 2748 3841 licence]
2775 3797 2865 3807 -—

587 3844 632 3908 J
635 3843 920 3909 ohannes
992 3845 1073 3909 de
1139 3845 1475 3943 Folaceby·
1524 3844 1705 3907 venit
1768 3843 1877 3907 hic
1945 3844 2017 3908 in
2089 3844 2220 3908 cur’
2279 3849 2346 3907 et
2419 3843 2594 3925 cepit
2659 3865 2866 3908 unam

587 3930 909 4013 cotagium
959 3936 1217 3994 vastum
1263 3936 1330 3995 et
1379 3931 1475 4013 i1ij
1539 3949 1713 3994 acras
1761 3929 2090 4013 quondam
2135 3930 2207 3993 ιιι
2263 3935 2496 3994 tenura
2540 3929 2865 3994 Omnium

585 4017 957 4079 tenencium
1006 4016 1180 4079 viHae
1223 4037 1368 4099 quae
1418 4016 1713 4081 solebant
1756 4015 2020 4081 reddere
2067 4037 2126 4099 p.
2180 4036 2234 4080 a.
2290 4022 2413 4079 4s,:
2458 4015 2719 4079 tenend.
2777 4017 2864 4080 ad

588 4101 991 4165 voluntatem
1034 4101 1335 4165 Domini:
1378 4102 1551 4166 redd.
1583 4102 1808 4185 primis
1852 4102 2103 4167 duobus
2146 4102 2334 4166 annis
2365 4101 2659 4184 quolibet
2689 4123 2865 4167 anno

588 4194 674 4252 28.
712 4187 810 4251 6d.
853 4194 920 4251 et
961 4187 1370 4270 postmodum
1413 4189 1703 4271 quolibet
1746 4208 1914 4253 anno
1962 4193 2068 4264 3s.,
2111 4189 2318 4271 primo
2362 4188 2641 4252 termino
2686 4187 2864 4252 solu·

584 4273 787 4339 cionis
816 4273 1166 4356 incipiente
1196 4274 1278 4337 ad
1307 4275 1548 4338 festum
1579 4275 1761 4339 Pent.
1797 4295 1965 4338 anno
1993 4275 2139 4340 ix¹¹⁰.

671 4361 1129 4424 WEREMOUTH.
1218 4360 1433 4424 Alicia
1474 4362 1542 4425 N
1543 4361 1803 4426 outhird
1832 4398 1858 4408 -
1890 4398 1917 4411 -
1949 4398 1977 4410 -
2022 4361 2192 4444 cepit
2241 4359 2638 4443 bondagium
2683 4361 2862 4442 quod

581 4447 710 4510 fuit
739 4446 938 4510 Alani
968 4446 1293 4510 Nouthird
1320 4447 1445 4509 viri
1474 4448 1615 4511 sui:
1660 4447 1931 4511 habend.
1978 4453 2044 4510 et
2082 4446 2340 4511 tenend.
2371 4447 2455 4510 ad
2484 4452 2668 4511 term.
2703 4446 2860 4511 vitae

579 4553 747 4597 suae:
789 4533 961 4598 redd.
1007 4553 1119 4616 pro
1164 4534 1388 4616 primis
1432 4533 1638 4597 tribus
1683 4534 1870 4597 annis
1915 4533 2204 4616 quolibet
2247 4552 2417 4596 anno
2463 4582 2477 4597 .
2525 4583 2538 4596 .
2588 4584 2602 4597 .
2653 4538 2742 4598 3s,
2791 4542 2860 4597 et
