3042 5034
167 484 549 546 1364-1365.
687 494 1005 545 Hannon
1032 494 1395 545 Pmoluws
1424 494 1907 548 DmOELMRNsIS.
2351 487 2433 546 35

164 653 450 738 Hugonis
504 672 850 739 quousque
899 651 992 718 sit
1041 673 1132 718 xv
1180 672 1514 719 annorum.
1608 653 1896 720 Gres’ma
1946 657 2039 722 4⁸.
2061 690 2151 702 —
2169 654 2433 719 Beatrix

159 740 313 805 Rose
361 741 549 825 cepit
594 740 677 805 di.
723 739 1025 824 bondagii
1066 740 1172 804 viz
1221 741 1316 823 xij
1360 760 1540 806 acras
1589 745 1774 806 terrae
1816 747 1884 806 et
1927 741 2012 806 di.
2055 761 2209 807 mes.
2258 741 2432 825 quod

160 826 527 892 willelmus
580 827 749 891 Rose
792 826 1120 909 quondam
1167 828 1273 891 vir
1313 847 1473 893 suus
1519 828 1701 912 prius
1750 828 1999 892 tenuit:
2049 828 2320 894 habend.
2366 833 2434 893 et

161 913 404 980 tenend.
436 913 527 978 ad
552 919 739 978 term.
769 914 924 977 vitae
952 933 1127 978 suae:
1173 913 1345 979 redd.
1377 935 1438 998 p.
1468 934 1520 979 a.
1560 920 1690 979 12s.
1735 915 2001 998 argenti,
2030 922 2097 979 et
2140 913 2432 979 faciendo

161 999 436 1064 Domino
466 1007 542 1064 et
570 999 806 1064 vicinis
836 1020 981 1082 quae
1008 1000 1413 1066 incumbunt.
1500 1000 1674 1086 Pleg.
1704 1001 1921 1065 Adam
1951 1001 2240 1079 Scotson,
2267 1000 2432 1065 Wil-

162 1084 383 1150 lelmus
412 1087 653 1151 Pouer.
739 1087 876 1150 Dat
903 1106 1019 1170 pro
1047 1086 1314 1170 gres'ma
1347 1086 1489 1151 4od„

238 1173 857 1238 EST-MRRYNGTON.
946 1173 1329 1255 Injunctum
1371 1179 1473 1238 est
1512 1173 1885 1238 tenentibus
1928 1173 2120 1239 istius
2147 1173 2323 1239 villae
2366 1178 2434 1239 et

164 1256 425 1323 aliarum
452 1258 772 1323 villarum
800 1258 1073 1323 dominii
1117 1279 1198 1324 ne
1226 1259 1495 1324 veniant
1522 1260 1605 1324 ad
1634 1260 1919 1343 aliquam
1961 1261 2206 1325 curiam
2250 1269 2433 1326 extra

163 1344 518 1410 dominium
578 1365 696 1429 pro
753 1344 1013 1429 dampn’
1064 1346 1211 1410 fact'
1261 1365 1375 1430 per
1422 1346 1640 1411 averia
1694 1366 1813 1411 sua
1862 1352 1940 1411 ut
1990 1347 2432 1424 amal-cientur,

164 1435 224 1494 et
247 1430 420 1515 quod
457 1433 719 1515 Jaciant
760 1431 1247 1497 emendaciones
1288 1438 1576 1517 tempore
1618 1433 1942 1516 capcionis
1969 1435 2076 1499 vel
2108 1435 2433 1520 proferent

164 1519 418 1596 emend„
447 1519 537 1584 de
568 1538 765 1602 poena
794 1518 938 1583 4od.
969 1519 1252 1583 solvend.
1284 1539 1400 1602 per
1426 1519 1615 1583 illum
1644 1520 1760 1602 qui
1787 1520 1859 1582 in
1888 1520 2140 1586 delicto.

241 1603 599 1688 [Attached
639 1610 709 1669 to
759 1606 872 1669 the
914 1604 1038 1669 roll
1068 1606 1141 1669 of
1175 1610 1360 1683 1364,
1391 1606 1532 1671 IL?
1580 1606 1832 1690 against
1872 1606 2123 1683 AcLAY,
2152 1627 2257 1670 are
2301 1611 2433 1670 two

168 1710 401 1755 narrow
418 1691 591 1776 slips
608 1690 680 1755 of
700 1691 1098 1775 parchment,
1115 1692 1492 1776 containing
1518 1692 1632 1756 the
1661 1692 1994 1776 following
2021 1692 2436 1756 memoranda

166 1777 423 1843 marked
464 1800 513 1842 a
559 1777 692 1842 and
735 1779 785 1842 b.
872 1777 1008 1843 The
1050 1779 1284 1862 abrupt
1327 1784 1877 1844 commencement
1922 1779 1994 1842 of
2038 1778 2151 1842 the
2200 1778 2434 1843 second

170 1882 282 1928 one
326 1864 544 1929 shows
593 1864 741 1929 that
781 1884 869 1928 an
909 1865 1357 1931 intermediate
1407 1865 1535 1949 slip
1579 1865 1638 1929 is
1680 1864 1986 1949 wanting.
2080 1864 2176 1930 Of.
2228 1865 2435 1948 Aclay

168 1949 285 2013 and
313 1951 482 2034 Fery
510 1951 591 2015 in
618 1951 732 2016 the
758 1951 1186 2035 Feodarimn]

248 2036 342 2120 [a]
372 2037 505 2102 Isti
550 2042 711 2101 sunt
736 2036 926 2101 liberi
953 2044 1251 2102 tenentes
1278 2037 1457 2102 villae
1484 2037 1568 2103 de
1595 2036 1831 2122 Aclyffl
1921 2037 2005 2101 In
2040 2037 2265 2121 primis
2297 2036 2433 2102 Ric.

173 2120 246 2186 de
291 2123 676 2189 Heuworth.
764 2123 937 2188 Item
992 2124 1149 2189 Tho,
1194 2124 1595 2207 Perkynson.
1685 2124 1856 2188 Item
1914 2124 2083 2189 Gilb.
2130 2124 2431 2189 Randolf.

172 2206 334 2273 Item
388 2210 578 2275 will.
632 2209 933 2276 Warand.
1048 2210 1225 2275 Item
1274 2210 1421 2276 Nic.
1483 2212 1565 2276 de
1624 2211 1906 2295 Gipwik.
2022 2212 2196 2276 Item
2254 2210 2435 2276 will.

172 2292 468 2361 Yeutson.
564 2297 737 2361 Item
779 2295 957 2362 will.
989 2296 1247 2362 Power’.
1336 2297 1508 2361 Item
1551 2297 1731 2363 Will.
1765 2297 1872 2362 del
1913 2298 2242 2363 Neuhous.
2331 2298 2436 2362 De

171 2379 307 2445 istis
346 2383 722 2467 inquiratur
768 2403 915 2466 quae
963 2388 1164 2448 terras
1206 2389 1275 2448 et
1315 2383 1447 2448 ten'
1489 2389 1718 2449 tenent
1765 2384 1966 2449 libere
2016 2390 2084 2449 et
2132 2404 2250 2467 per
2290 2403 2436 2466 quae

174 2467 449 2548 servicia,
478 2475 551 2535 et
594 2470 940 2535 ostendant
981 2474 1206 2548 cartae,
1236 2475 1304 2535 et
1330 2490 1477 2553 quae
1518 2475 1701 2536 terrae
1731 2478 1798 2535 et
1839 2471 1966 2535 ten’
1998 2470 2078 2535 de
2121 2470 2437 2535 scaccario

171 2551 431 2620 Domini
489 2556 735 2621 Prioris
794 2561 862 2621 et
915 2576 1033 2640 per
1090 2576 1236 2640 quae
1301 2556 1585 2622 servicia.
1718 2557 2095 2640 Inquiratur
2151 2556 2233 2620 de
2289 2556 2436 2620 istis

176 2641 440 2721 qualiter
480 2642 848 2708 manerium
889 2648 1308 2721 sustentatur,
1339 2649 1406 2708 et
1449 2643 1729 2727 qualiter
1771 2648 2006 2720 aratur,
2049 2649 2117 2708 et
2159 2642 2439 2725 qualiter

175 2727 294 2790 ten’
344 2729 766 2807 aedificantur,
810 2733 878 2794 et
931 2729 1208 2813 qualiter
1249 2735 1418 2794 terra
1464 2730 1736 2795 manerii
1781 2734 2196 2812 competatur.
2219 2766 2308 2777 —
2327 2729 2440 2791 In-

178 2813 456 2894 quiratur
498 2816 584 2880 de
625 2815 921 2881 custodia
963 2816 1179 2882 terciae
1220 2817 1423 2900 partis
1469 2820 1656 2881 terrae
1702 2814 1966 2879 Roberti
2017 2813 2098 2878 de
2156 2813 2441 2878 Doudall

176 2900 336 2981 apud
362 2901 579 2986 Aclay
598 2907 667 2967 et
693 2902 875 2985 Fery.

239 2984 324 3070 [b]
340 3008 552 3053 unum
569 3009 849 3073 mesuag.
873 2993 940 3053 et
956 2988 1143 3071 xlviij
1177 3008 1299 3055 aer.
1318 2993 1502 3052 terrae
1520 3007 1666 3071 quae
1683 2985 2058 3050 venduntur
2076 3004 2189 3068 per
2206 2984 2441 3068 parcel-

180 3067 268 3135 las
285 3072 361 3139 de
378 3076 620 3157 quibus
637 3075 802 3140 acris
817 3074 991 3140 filius
1009 3075 1323 3158 Stephani
1341 3074 1586 3140 Barker
1603 3073 1830 3137 debuit
1844 3071 2043 3137 fuisse
2061 3072 2132 3135 in
2150 3071 2441 3136 custodia

177 3154 438 3225 Domini
464 3162 726 3238 Prioris,
755 3166 823 3225 et
849 3161 1079 3225 habuit
1106 3168 1307 3226 terras
1349 3161 1422 3224 in
1451 3160 1613 3225 villa
1641 3159 1722 3224 de
1750 3159 2159 3243 Meryngton,
2187 3157 2441 3223 racione

183 3244 434 3312 minoris
463 3248 678 3312 aetatis
721 3247 1009 3332 ejusdem
1038 3247 1160 3312 filii
1202 3256 1271 3313 et
1312 3246 1565 3312 heredis
1608 3247 1714 3331 pd.
1746 3246 2078 3330 Stephani,
2099 3266 2245 3329 quae
2272 3250 2441 3310 terra

182 3328 301 3394 fuit
339 3333 644 3399 Nicholai
686 3333 768 3399 de
811 3334 1061 3398 Ketton
1104 3354 1187 3399 ex
1231 3334 1399 3398 dono
1441 3333 1735 3417 praedicti
1776 3332 2044 3398 Domini
2094 3333 2331 3398 Prioris
2374 3339 2442 3398 et

186 3426 528 3487 conventus
572 3426 641 3485 et
681 3420 988 3504 quaelibet
1038 3439 1184 3485 acra
1224 3420 1438 3486 reddit
1486 3440 1547 3504 p.
1592 3440 1647 3486 a.
1693 3440 1900 3485 unum
1944 3420 2278 3484 denarium
2331 3419 2438 3503 [cf.

186 3499 638 3592 Penny-farm].
727 3507 1031 3573 Haeredes
1060 3507 1267 3591 ipsius
1295 3508 1361 3571 N
1362 3505 1597 3573 icholai
1625 3514 1780 3572 sunt
1808 3507 2010 3571 Diota
2051 3505 2337 3571 Randolf
2375 3512 2443 3570 et

185 3585 350 3657 Will.
377 3593 685 3671 Warand,
713 3600 782 3660 et
804 3594 1006 3659 molet
1034 3592 1173 3678 [sic]
1221 3593 1305 3659 ad
1346 3593 1623 3658 molend.
1649 3593 1921 3657 Domini
1962 3592 2043 3657 de
2088 3591 2319 3674 Aclyff
2357 3590 2440 3655 ad

190 3676 335 3761 xviij
392 3701 527 3746 vas.
556 3717 647 3729 —
674 3681 845 3746 Item
904 3680 1268 3764 inquiratur
1316 3700 1445 3764 qua
1500 3680 1773 3745 licencia
1814 3677 1992 3743 Will.
2037 3677 2209 3740 Yutt
2263 3681 2443 3741 tenet

186 3765 405 3829 terram
424 3787 572 3851 quae
592 3767 721 3832 fuit
735 3766 1062 3832 Alianorae
1083 3766 1163 3832 de
1187 3765 1504 3851 Olyfland,
1522 3786 1670 3849 quae
1692 3764 1915 3830 seisita
1931 3763 2061 3827 fuit
2080 3763 2152 3827 in
2173 3782 2441 3826 manum

192 3843 441 3916 Domini
469 3874 585 3938 pro
613 3853 870 3919 defectu
897 3853 1183 3919 haeredis.
1214 3890 1301 3903 —
1323 3852 1513 3929 Item,
1543 3852 1833 3918 defectus
1861 3849 2038 3933 parci
2066 3869 2197 3913 nou
2226 3869 2443 3914 emen-

193 3930 412 4002 dantur
450 3960 569 4024 per
608 3940 895 4006 forestar.
937 3941 1020 4005 de
1062 3939 1294 4024 fagotis
1324 3938 1607 4004 venditis
1649 3958 1799 4003 cum
1842 3941 2061 4001 tamen
2104 3935 2441 4001 sufficient'

193 4014 403 4088 habuit
450 4034 711 4110 tempus
769 4024 1159 4091 emendandi
1216 4025 1414 4092 defec'
1471 4025 1578 4109 pd.
1607 4063 1695 4075 —
1726 4023 2104 4107 Inquiratur
2159 4023 2218 4088 si
2273 4028 2445 4088 terra

196 4101 431 4176 Sabinae
458 4111 669 4178 solvet
709 4113 1024 4179 relevium
1052 4133 1136 4176 an
1166 4132 1315 4178 non.
1337 4150 1426 4161 —
1447 4111 1942 4176 Memorandum
1973 4110 2053 4174 ad
2082 4108 2445 4193 inquirend.

199 4187 270 4255 de
293 4195 377 4280 xij
409 4218 461 4265 a.
491 4204 677 4264 terrae
703 4220 867 4284 quas
911 4199 1046 4265 Ric.
1080 4198 1161 4263 de
1188 4198 1502 4263 Heworth
1547 4204 1728 4263 tenet
1755 4201 1833 4262 ut
1859 4196 2061 4262 libera
2104 4204 2271 4261 terra
2314 4216 2450 4270 sua,

200 4273 323 4364 [aio]
351 4302 493 4366 quae
523 4292 679 4351 sunt
706 4292 876 4352 ten-a
900 4284 1172 4351 nomini
1202 4285 1440 4350 Prioris
1483 4290 1563 4349 ut
1591 4284 1845 4362 dicitur,
1875 4284 1955 4348 <10
2000 4283 2237 4367 quibus
2265 4281 2446 4346 wffl.

194 4360 459 4436 Warand
500 4373 590 4438 sit
629 4373 805 4458 [scit]
836 4373 1193 4438 veritatem.
1214 4405 1304 4418 -
1325 4371 1821 4436 Memorandum
1850 4369 1934 4435 ad
1977 4366 2337 4452 inquii-end.
2369 4365 2450 4428 de

198 4457 458 4521 manerio
486 4466 555 4524 et
582 4459 664 4525 de
693 4459 892 4526 stuffo
935 4458 1244 4543 ejusdem,
1273 4465 1341 4523 et
1368 4457 1448 4523 de
1477 4457 1682 4522 edific'
1710 4455 1980 4521 manerii
2009 4463 2077 4518 et
2105 4450 2391 4533 boudag'.
