3042 5034
204 486 235 545 l
249 483 396 546 370.
741 493 1057 543 HALMOTA
1087 491 1451 542 PRIORATUS
1479 492 1963 544 Dmmmumsm.
2405 484 2488 544 95

196 654 431 719 Baven
473 671 593 737 pro
636 671 858 716 ari-ura
899 650 992 735 xij
1038 669 1332 716 acrarum
1373 654 1562 716 terrae
1603 670 1815 735 nuper
1855 651 1930 715 in
1977 656 2211 716 tenura
2253 651 2492 718 Isoldoe

196 740 429 806 uxoris
452 759 588 804 suae
616 758 734 823 per
752 738 970 823 ipsum
991 737 1287 804 seminet'
1316 743 1466 821 post
1486 743 1762 802 mortem
1783 737 2108 821 praedictae
2138 738 2375 804 Isoldae
2398 746 2491 805 8s.

288 826 741 890 MORESLAWE.
828 824 991 890 Dies
1034 823 1225 889 datus
1268 831 1370 888 est
1398 823 1731 889 Wfflelmo
1773 823 1910 888 filio
1939 824 2200 889 Thomae
2241 825 2326 889 ad
2369 826 2491 892 fac'

197 913 418 998 legem
446 932 632 977 suam
659 931 885 977 versus
911 911 959 975 J
960 910 1281 975 ohannem
1309 910 1589 975 Watson
1617 910 1794 995 apud
1820 910 2087 976 Hebern
2108 911 2191 976 de
2210 931 2287 977 eo
2315 912 2493 996 quod

200 1021 339 1065 non
369 998 674 1064 vendidit
698 997 969 1083 proefato
996 997 1042 1063 J
1045 996 1289 1061 ohanni
1330 997 1560 1061 fimum
1602 1017 1797 1061 suum
1839 998 2015 1082 apud
2058 997 2491 1063 Hetheworth

199 1105 323 1171 pro
345 1091 438 1151 6s.
460 1084 562 1151 sd.
585 1092 652 1150 et
672 1084 840 1149 illud
855 1088 1079 1168 postea
1096 1083 1397 1149 vendidit
1412 1083 1748 1148 willelmo
1767 1084 1995 1167 Ohevy
2015 1104 2165 1149 cum
2182 1085 2248 1168 vj
2273 1105 2490 1151 manu.

292 1172 496 1237 Flmr.
540 1172 645 1237 De
674 1171 1042 1255 Μαι-εποδε,
1068 1171 1491 1254 Ferywoman
1534 1190 1648 1254 pro
1691 1170 1847 1254 hyr,
1880 1171 1981 1235 ed.
1999 1208 2089 1219 —
2106 1171 2492 1238 In‘unctum

200 1265 310 1325 est
354 1259 604 1342 Rogerc
648 1257 731 1323 de
773 1256 1031 1341 Trollop
1073 1256 1249 1341 quod
1287 1256 1369 1321 de
1411 1262 1626 1321 cetero
1677 1276 1811 1322 non
1855 1257 2058 1323 faciat
2214 1279 2358 1324 cem
2410 1259 2492 1325 de

206 1346 420 1430 petris
463 1342 737 1409 Domini
779 1344 921 1408 sine
962 1343 1251 1408 licencia.
1338 1343 1724 1426 Injunctum
1750 1349 1854 1409 est
1887 1344 2286 1428 juratoribus
2315 1345 2493 1429 quod

204 1433 483 1497 videant
507 1436 578 1496 et
601 1430 939 1514 inquirant
980 1435 1047 1494 et
1080 1434 1475 1514 praesentent
1515 1429 1601 1493 ed
1642 1430 1821 1514 prox'
1866 1431 1948 1495 de
1989 1434 2492 1517 transgressione

204 1520 386 1584 facta
412 1538 529 1602 per
554 1517 930 1601 praedictam
959 1517 1284 1600 Rogermn
1310 1516 1384 1580 in
1404 1515 1543 1581 solo
1566 1516 1850 1582 Domini.
1872 1554 1962 1565 —
1983 1518 2088 1601 Inj
2094 1525 2367 1583 unctum
2389 1524 2492 1584 est

204 1605 516 1670 omnibus
561 1604 937 1669 tenentibus
962 1602 1143 1668 vssiae
1183 1601 1358 1686 quod
1401 1603 1634 1686 nequis
1677 1622 1898 1668 eorum
1940 1605 2179 1669 succid’
2209 1605 2379 1670 bosc'
2410 1604 2492 1670 de

206 1690 511 1757 Fericiiff
520 1710 640 1756 nec
655 1689 907 1773 aliquid
920 1709 997 1754 ce
1041 1689 1139 1753 iat
1155 1690 1296 1754 sine
1316 1689 1464 1754 visu
1480 1690 1871 1754 forestar'.—
1888 1689 2274 1755 Ordinatum
2292 1695 2394 1756 est
2409 1711 2494 1756 ex

206 1777 545 1844 communi
566 1796 834 1842 assensu
854 1796 945 1860 qu
1051 1776 1268 1840 minus
1290 1775 1572 1861 [nullus]
1596 1796 1820 1841 eorum
1839 1775 2141 1860 depascat
2160 1784 2494 1860 pasturam

212 1867 462 1930 bovum
478 1863 637 1928 dum
650 1862 1206 1928 tenentesvadunt
1220 1862 1304 1927 ad
1320 1882 1599 1928 carucas.
1615 1899 1705 1912 -—
1721 1862 1824 1926 De
1843 1861 2054 1926 Adam
2074 1863 2494 1949 Graundorge

211 1972 335 2037 pro
364 1950 870 2035 transgressione
898 1950 1072 2013 facta
1099 1949 1379 2014 Roberto
1409 1950 1661 2034 Letany
1683 1948 2011 2014 occidend'
2031 1949 2204 2015 vecc'
2233 1952 2387 2028 sua',
2407 1951 2492 2015 ad

210 2037 433 2122 dnmp'
467 2040 584 2114 7s.,-
608 2035 709 2102 sd.
796 2035 958 2101 Dies
988 2035 1180 2100 datus
1208 2040 1312 2100 est
1338 2036 1550 2101 eidem
1576 2035 1742 2100 Adae
1779 2035 1864 2100 ad
1907 2035 2027 2101 fac'
2056 2035 2266 2121 legem
2307 2057 2495 2102 suam

210 2144 443 2190 versus
487 2122 836 2188 Ricardum
879 2122 1089 2186 filium
1133 2122 1312 2187 Petri
1362 2122 1443 2187 de
1493 2141 1570 2187 ec
1620 2121 1794 2206 quod
1846 2141 1979 2187 non
2027 2122 2220 2207 fregit
2260 2124 2494 2189 tibiam

217 2230 437 2275 veccae
485 2229 623 2275 suae
664 2209 820 2274 hinc
863 2208 947 2273 ad
988 2208 1171 2293 prox'
1212 2209 1343 2274 cur’
1388 2228 1542 2273 cum
1582 2210 1700 2293 vs*
1738 2230 1955 2275 manu.
2042 2210 2195 2275 Non
2237 2210 2497 2277 invenit

211 2297 403 2382 pleg’.
493 2296 651 2361 Ideo
679 2295 1027 2380 praedictus
1055 2295 1369 2359 Ricardus
1396 2301 1731 2380 recuperet
1756 2316 1981 2361 versus
2009 2316 2177 2363 eum.
2267 2298 2495 2363 Consi-

215 2376 514 2450 deratum
543 2388 642 2447 est
671 2382 846 2466 quod
876 2381 1157 2448 Isabella
1177 2381 1313 2445 filia
1339 2382 1572 2448 Jacobi
1594 2382 1895 2467 Skynner
1916 2390 2250 2468 recuperet
2269 2403 2495 2450 versus

212 2472 543 2555 Bogerum
571 2468 654 2533 de
681 2468 938 2553 Trollop
970 2474 1058 2532 bs.
1089 2488 1205 2552 pro
1229 2469 1257 2551 j
1290 2488 1487 2533 vacce
1516 2469 1725 2552 ipsius
1756 2469 2053 2535 Isabellae
2096 2491 2214 2554 per
2232 2491 2496 2536 vaccam

212 2557 430 2642 ipsius
472 2556 706 2640 Rogeri
746 2555 1155 2620 interfectam
1196 2561 1390 2639 prout
1426 2561 1648 2639 pastor
1681 2556 1822 2639 jur'.
1910 2556 2014 2620 De
2056 2557 2201 2622 Ada
2244 2556 2495 2623 Graun-

214 2644 415 2729 dorge
456 2662 572 2727 pro
599 2643 627 2726 j
659 2662 857 2707 vacca
898 2641 1163 2706 Ricardi
1204 2640 1328 2706 filii
1370 2641 1549 2707 Petri
1588 2642 1930 2707 interfecta
1972 2642 2056 2707 ad
2098 2642 2313 2728 damp’
2347 2650 2499 2720 los„

216 2731 292 2794 in
321 2728 758 2794 misericordia
787 2727 888 2794 3d.

310 2815 923 2881 ΝΕσΤοΝ-ΚΒΤΓΟΝ.
1010 2813 1260 2878 Alanus
1313 2814 1659 2898 Bischopp,
1701 2813 1955 2878 Alanus
2007 2813 2326 2890 Seriaunt,
2371 2815 2500 2879 Ro—

220 2903 445 2968 bertus
462 2902 643 2979 Wili‚
671 2906 739 2966 et
765 2899 1078 2966 Ricardus
1107 2900 1216 2965 del
1242 2901 1311 2965 N
1310 2906 1526 2978 euton‚
1548 2902 1675 2984 jur.
1707 2934 1786 2946 —
1803 2900 2184 2982 Injunctum
2212 2906 2312 2965 est
2331 2900 2501 2965 Wil-

218 2990 421 3055 lelmo
451 2989 605 3054 Scot
632 2994 700 3054 et
721 2988 933 3052 Alano
955 2987 1283 3070 quondam
1310 2986 1618 3052 servienti
1647 2985 1727 3050 de
1755 2984 2008 3049 Ketton
2038 2986 2212 3069 quod
2232 2986 2502 3052 videant

218 3082 427 3141 terras
469 3082 537 3140 et
564 3079 932 3140 tenemento.
958 3074 1032 3138 in
1059 3074 1323 3139 Neuton
1351 3074 1424 3138 in
1451 3077 1772 3158 quantum
1800 3071 2265 3137 deteriorantur
2292 3079 2361 3138 et
2385 3094 2504 3157 per

219 3170 573 3332 333³&
589 3168 861 3313 {33⁸³}
873 3161 1914 3332 &Siaffiuffi‘ssfflffjffiuffi
1934 3161 2503 3333 ξῗῃξῖῗῖἔὲίᾞ

222 3335 556 3421 quondam
597 3335 670 3399 in
713 3339 943 3399 tenura.
982 3335 1028 3400 J
1031 3333 1306 3398 ohannis
1351 3333 1536 3397 Paite
1564 3333 1988 3398 deterioratur
2029 3335 2113 3399 ad
2139 3334 2502 3401 valenciam

225 3430 318 3488 2s.
406 3423 496 3486 Et
523 3421 729 3487 eciam
747 3420 921 3504 quod
941 3421 1267 3504 quondam
1285 3419 1502 3504 Tufall
1522 3420 1595 3484 in
1612 3425 1842 3485 tenure
1869 3420 2163 3504 praedicti
2178 3422 2225 3488 J
2228 3422 2503 3488 ohannis

221 3514 598 3593 asportatur
624 3508 709 3572 ad
737 3508 996 3592 dampn.
1023 3507 1167 3571 40d.
1190 3506 1365 3571 unde
1383 3506 1702 3572 Robertus
1723 3506 1886 3572 WiJi
1907 3507 2171 3573 devenit
2198 3509 2501 3593 plefflum.

222 3634 317 3646 —
336 3595 668 3661 DimissiO.
774 3592 1144 3658 Wilielmus
1187 3593 1410 3658 Fuller
1450 3594 1634 3659 venit
1675 3599 1744 3658 et
1787 3593 1962 3677 cepit
2004 3593 2134 3658 duo
2176 3595 2505 3678 mesuagia

224 3687 297 3748 et
325 3681 490 3746 dues
519 3682 785 3746 bovatas
828 3687 1015 3745 terrae
1043 3684 1111 3744 et
1139 3679 1225 3745 di.
1259 3700 1404 3763 quae
1433 3680 1752 3744 Robertus
1779 3679 1942 3743 Wili
1970 3680 2150 3763 prius
2192 3681 2409 3745 tenuit
2437 3684 2507 3744 et

222 3768 495 3853 reliquit
535 3772 799 3852 propter
853 3766 1347 3850 impotenciam:
1392 3765 1667 3832 habend.
1719 3771 1788 3830 et
1835 3771 1966 3830 ten.
2018 3764 2101 3829 ad
2152 3766 2504 3831 terminum

225 3856 386 3921 vitae
406 3874 569 3920 suae:
596 3853 921 3919 reddendo
938 3859 1007 3918 et
1023 3852 1318 3918 faciendo
1334 3853 1408 3918 in
1425 3852 1725 3918 omnibus
1742 3855 1934 3935 prout
1950 3850 2162 3916 dictus
2184 3852 2505 3918 Robertus

228 3941 413 4026 prius
440 3939 725 4005 reddidit
751 3945 816 4006 et
839 3939 1034 4005 fecit:
1062 3939 1429 4024 incipiendo
1457 3937 1706 4003 solvere
1733 3936 1817 4001 ad
1845 3938 2085 4002 festum
2115 3939 2296 4005 Pent.
2324 3959 2505 4024 prox.

228 4030 544 4093 futurum.
667 4026 841 4111 Pleg.
886 4026 969 4091 de
1017 4026 1207 4090 firma
1257 4031 1324 4090 et
1366 4025 1669 4090 omnibus
1720 4021 1868 4090 aliis
1920 4045 2067 4108 quae
2114 4025 2508 4093 incumbunt

229 4115 563 4181 Walterus
612 4113 939 4198 Bisshopp
991 4119 1059 4178 et
1109 4111 1424 4178 Ricardus
1475 4111 1586 4176 del
1635 4112 1917 4176 Neuton.
2026 4112 2115 4176 Et
2159 4113 2507 4197 praedioms

227 4201 605 4268 willelmus
632 4201 889 4266 invenit
915 4199 1007 4283 xij
1041 4219 1221 4264 acras
1249 4199 1445 4264 unius
1473 4218 1707 4264 arrurae
1779 4218 1898 4264 uas
1927 4197 2022 4264 sic
2051 4199 2354 4267 dimittet.
2419 4201 2510 4265 Et

227 4288 501 4354 habebit
528 4287 690 4353 duos
732 4288 931 4353 boves
973 4293 1042 4352 et
1083 4306 1291 4350 unum
1317 4285 1716 4369 quarterium
1929 4287 2068 4351 enti
2095 4287 2176 4352 de
2218 4288 2507 4372 praestito

228 4375 507 4441 Domini
548 4379 619 4439 et
660 4373 867 4439 caruc'
907 4373 1181 4437 manerii
1221 4392 1337 4456 per
1364 4373 1529 4437 duos
1572 4372 1725 4438 dies.
1811 4372 1901 4436 Et
1927 4371 2042 4436 dat
2083 4392 2199 4456 pro
2241 4372 2510 4458 gres'ma

232 4462 411 4543 40d.;
439 4459 846 4527 condonatur
870 4479 989 4544 per
1013 4459 1367 4524 terrarium.
1453 4458 1543 4523 Et
1571 4456 1917 4543 praedictus
1946 4457 2319 4522 Willelmus
2346 4476 2509 4541 prae-

227 4550 486 4615 dictum
514 4553 965 4614 tenementum
993 4544 1366 4611 suifficienti
1409 4549 1587 4608 statu
1615 4544 1869 4607 invenit
1896 4549 1965 4607 et
1993 4543 2064 4604 in
2092 4542 2221 4607 fine
2247 4542 2511 4606 termini
