3042 5034
168 466 334 528 1364.
668 478 987 527 uaniora
1014 477 1381 528 PRIORATUS
1409 478 1889 530 DUNELMENSIS.
2334 468 2417 527 33

162 641 333 719 prout
402 635 638 700 nativo
692 635 992 720 pertinet,
1049 639 1166 701 etc.
1196 674 1286 687 —
1315 636 1733 720 Compertum
1804 643 1905 702 est
1967 657 2085 720 per
2147 635 2418 703 eandem

162 722 651 804 inquisicionem
695 723 867 806 quod
910 723 957 787 J
957 722 1244 788 ohannes
1285 723 1668 807 Wydouson
1713 729 1814 789 est
1857 724 2120 788 nativus
2147 724 2420 788 Domini

162 814 221 872 et
245 809 474 873 similis
506 808 906 875 condicionis
935 815 1053 874 etc.
1083 815 1151 874 et
1192 829 1388 893 super
1428 816 1543 874 etc.
1576 810 1732 875 fecit
1776 810 2155 875 fidelitatem
2190 817 2306 875 etc.
2329 848 2420 860 —

165 894 540 959 Ordinatum
588 903 690 961 est
730 900 800 960 et
835 896 1206 979 injunctum
1249 896 1548 960 omnibus
1593 896 1710 980 qui
1748 896 2013 962 fuerunt
2050 897 2123 960 in
2150 897 2419 981 inquisi-

163 980 327 1046 cione
353 982 670 1066 praedicta
698 981 870 1066 quod
899 981 1177 1065 quilibet
1221 1002 1443 1046 eorum
1479 988 1700 1047 teneat
1744 982 1866 1048 hoc
1912 983 2085 1067 quod
2125 983 2416 1048 locutum

164 1066 358 1132 hietat
396 1068 577 1149 inter
621 1088 729 1133 eos
772 1088 888 1151 pro
932 1074 1174 1133 secreto
1214 1069 1336 1132 sub
1379 1089 1574 1152 poena
1602 1069 1741 1134 40d.
1773 1069 2056 1134 solvend.
2086 1090 2202 1154 per
2227 1069 2418 1134 illum

165 1154 268 1235 qui
291 1155 363 1217 iu
390 1154 676 1220 deffectu
704 1155 1031 1238 reperitur.
1055 1193 1144 1204 —
1166 1155 1269 1238 Inj
1277 1160 1548 1220 unctum
1578 1161 1679 1220 est
1717 1157 2018 1221 omnibus
2049 1156 2417 1221 tenentibus

166 1237 339 1304 istius
385 1241 528 1306 vill’
584 1247 654 1306 et
701 1241 837 1305 vill’
870 1241 951 1306 de
999 1242 1451 1324 Est-Raynton
1494 1241 1668 1325 quod
1714 1242 1935 1308 nullus
1973 1263 2193 1307 eorum
2230 1249 2418 1308 vocet

167 1325 433 1408 aliquem
475 1327 830 1392 earundem
872 1327 1176 1392 villarum
1218 1343 1519 1392 NATrvtm
1563 1329 1832 1393 Domini
1875 1331 1997 1394 sub
2038 1350 2233 1414 poena
2283 1335 2414 1394 20s.

169 1411 431 1480 solvend.
461 1435 583 1498 per
612 1414 800 1478 illum
830 1414 945 1498 qui
971 1414 1044 1477 in
1071 1414 1351 1478 deffectu
1378 1414 1702 1498 reperitur.

245 1500 648 1566 MonsssLAW.
735 1501 838 1565 De
865 1500 1081 1565 Adam
1107 1501 1484 1565 Waterman
1527 1521 1643 1584 pro
1682 1522 1812 1566 uno
1840 1501 2018 1587 ligno
2058 1501 2421 1567 Alexandri

170 1583 274 1648 filii
311 1587 579 1652 Thomae
622 1591 945 1672 asportato
974 1587 1057 1651 ad
1084 1586 1438 1671 dampnum
1466 1587 1673 1670 ipsius
1702 1588 2056 1653 Alexandri
2098 1588 2196 1652 2d.
2227 1592 2421 1672 prout

171 1679 549 1757 compertum
579 1680 681 1739 est
706 1694 823 1758 per
843 1674 986 1757 jur’,
1016 1674 1095 1738 de
1124 1674 1572 1751 misericordia,
1600 1673 1699 1738 3d.
1719 1711 1810 1724 —
1829 1676 1932 1738 De
1954 1674 2178 1739 eodem
2204 1673 2422 1737 Adam

171 1759 271 1840 pro
308 1768 712 1845 transgressu
752 1759 926 1824 facta
974 1759 1184 1824 eidem
1231 1759 1604 1824 Alexandro
1653 1767 1722 1824 et
1763 1760 1995 1825 Aliciae
2042 1759 2231 1824 uxori
2280 1759 2420 1842 ejus

174 1847 499 1912 executi-ici
541 1847 922 1911 testamenti
950 1845 1269 1911 willelmi
1313 1845 1754 1930 Huntyngton
1781 1846 1863 1911 de
1902 1845 2220 1929 pascendo
2251 1845 2422 1910 blad’

172 1949 273 2013 per
309 1953 530 2016 porcos
561 1953 715 1998 suos
744 1932 827 1996 ad
856 1933 1210 2016 dampnum
1237 1932 1526 2016 ipsorum
1555 1934 1619 2016 vj
1650 1934 1989 2017 gar-barum
2017 1932 2328 1999 frumenti
2356 1937 2426 1996 et

175 2037 293 2082 una
316 2019 452 2104 [sic]
482 2020 697 2084 thrav’
718 2018 1020 2103 pisarum,
1042 2023 1234 2102 prout
1260 2024 1662 2103 compertum
1690 2025 1788 2084 est
1808 2040 1926 2104 per
1945 2021 2091 2103 jur',
2121 2020 2201 2085 de
2230 2019 2421 2084 mise-

176 2103 440 2184 ricordia,
478 2107 583 2171 3d.
606 2144 696 2153 —
714 2105 819 2169 De
856 2106 1078 2171 eodem
1105 2105 1319 2170 Adam
1365 2126 1481 2190 pro
1522 2111 1923 2190 transgressu
1965 2107 2138 2172 facta
2179 2107 2420 2172 eisdem

179 2191 592 2257 subvertendo
621 2197 936 2257 carectam
957 2212 1141 2256 suam
1163 2212 1311 2257 cum
1335 2192 1528 2257 blado
1555 2198 1898 2271 oneratam,
1925 2200 2118 2277 prout
2138 2212 2425 2277 comper-

180 2279 306 2340 tum
346 2286 443 2344 est
470 2299 592 2363 per
624 2279 770 2363 jur’,
799 2278 882 2342 ad
925 2278 1278 2362 dampnum
1311 2277 1435 2355 2d.,
1478 2278 1560 2343 de
1602 2280 2034 2346 misericordia
2089 2279 2424 2346 2d.—-De

179 2362 381 2428 eodem
406 2366 785 2430 Alexandro
812 2365 966 2448 quia
1007 2365 1185 2429 canis
1229 2384 1384 2429 suus
1427 2366 1708 2430 comedit
1736 2366 1997 2432 victual’
2026 2364 2426 2449 autumpnal’

182 2447 365 2531 ipsius
394 2452 580 2529 Adae,
608 2457 799 2536 prout
842 2457 1241 2536 compertum
1270 2456 1369 2515 est
1410 2471 1526 2535 per
1560 2453 1704 2537 jur’‚
1735 2452 1815 2517 de
1858 2452 2294 2518 misericordia
2325 2450 2425 2516 36„

180 2570 257 2583 —
275 2537 371 2601 De
419 2539 689 2622 praefato
731 2538 946 2603 Adam
992 2537 1147 2622 quia
1188 2538 1501 2603 mentitus
1545 2538 1673 2603 fuit
1714 2540 2041 2624 praedictae
2082 2539 2310 2605 Aliciae
2352 2537 2425 2601 in

184 2623 357 2700 curia,
384 2625 462 2689 de
492 2625 931 2689 misericordia
961 2625 1060 2689 6d.

257 2708 661 2776 PYDINGTON.
732 2712 836 2776 De
865 2712 1149 2775 Waltero
1172 2710 1252 2774 de
1279 2710 1576 2776 Allerton
1595 2732 1710 2796 pro
1732 2711 2225 2777 deterioraeione
2245 2716 2430 2774 terrae

184 2812 368 2878 nuper
392 2798 672 2882 Bonagii
711 2798 1029 2862 Moneour
1055 2797 1214 2861 dum
1255 2798 1329 2861 in
1370 2804 1601 2862 tenura
1641 2798 1847 2881 ipsius
1875 2797 2151 2861 Walteri
2193 2796 2431 2871 extitit,

187 2889 360 2961 prout
424 2889 823 2969 compertum
882 2890 982 2948 est
1038 2904 1155 2968 per
1209 2884 1335 2968 jur.
1395 2884 1477 2948 de
1543 2883 1801 2966 dampn'
1861 2882 2223 2965 adjudicat',
2288 2881 2429 2946 18d.

187 2965 540 3053 Assignacio
588 2977 786 3036 terrae.
877 2970 1102 3035 Unum
1145 2991 1298 3036 mes,
1329 2976 1397 3035 et
1425 2970 1632 3052 xxviij
1666 2989 1828 3033 acrae
1855 2976 2038 3033 terrae
2068 2989 2213 3052 quae
2255 2968 2433 3032 Mar·

187 3055 343 3134 geria
381 3056 515 3121 filia
562 3058 827 3122 Roberti
869 3058 1148 3122 Tomson
1190 3056 1327 3122 tent
1369 3056 1782 3140 assignantur
1821 3055 2009 3120 Petro
2049 3055 2328 3120 Hudson
2367 3060 2435 3118 et

188 3138 453 3206 Johanni
480 3144 561 3209 de
592 3143 879 3209 Heswell
908 3163 983 3208 eo
1011 3144 1185 3227 quod
1214 3151 1613 3227 compertum
1656 3149 1756 3207 est
1782 3162 1900 3227 per
1918 3143 2045 3226 jur'
2075 3141 2250 3226 quod
2278 3148 2435 3207 sunt

190 3231 461 3306 potentes
489 3231 573 3294 ad
601 3230 732 3295 ten’
754 3230 1109 3313 predictam
1137 3235 1414 3294 terram:
1442 3228 1616 3294 redd'
1638 3237 1832 3312 prout
1860 3229 2084 3295 eadem
2113 3230 2436 3315 Margoria

191 3312 352 3392 prius
399 3316 715 3381 reddidit:
771 3316 1117 3401 incipiend’
1166 3316 1411 3381 solvere
1462 3316 1545 3380 ad
1589 3317 1827 3380 festum
1870 3317 2054 3381 Pent'
2099 3338 2269 3382 anno
2312 3324 2433 3382 etc.

191 3394 375 3481 lxvjw.
396 3439 482 3450 -—
504 3404 921 3488 compertum
965 3409 1064 3477 est
1106 3423 1222 3487 per
1256 3403 1382 3486 jur’
1426 3402 1600 3485 quod
1638 3409 1898 3467 vestuta
1939 3409 2125 3469 terrae
2169 3404 2438 3489 Bonagii

194 3481 483 3552 Moneour
523 3511 722 3574 quam
767 3490 1095 3555 Walter-us
1139 3489 1390 3573 Draper
1429 3490 1718 3573 percepit
1761 3496 1825 3554 et
1867 3490 2100 3555 habuit
2142 3491 2223 3556 de
2264 3510 2437 3555 anno

195 3573 297 3634 etc.
322 3572 534 3659 lxiiijto
561 3576 823 3641 valebat
848 3577 922 3641 in
950 3576 1251 3640 omnibus
1286 3579 1416 3639 72⁸.
1462 3596 1609 3659 quae
1637 3577 1904 3659 quidam
1931 3582 2196 3641 vestm-a
2237 3596 2438 3640 arres-

192 3656 427 3724 tabatur
453 3682 566 3745 pro
596 3663 833 3728 debitis
875 3662 1082 3746 ipsius
1114 3662 1385 3748 Bouagii
1412 3663 1587 3727 unde
1633 3662 1971 3728 Bursarius
2000 3662 2174 3746 cepit
2203 3662 2440 3726 securi·

194 3744 373 3808 tatem
399 3754 512 3814 etc.
604 3750 805 3833 [Vide
839 3754 1025 3826 1364,
1054 3749 1176 3833 ΙΙ.]

273 3828 737 3901 BYLLYNGHAM.
867 3837 1248 3919 Injunctum
1305 3840 1407 3899 est
1463 3835 1767 3898 omnibus
1831 3834 2209 3899 tenentibus
2268 3835 2442 3919 quod

199 3924 461 3994 prestant
480 3922 648 3987 lecta
670 3923 812 4007 [sio]
836 3922 1135 3988 servient’
1164 3920 1435 3986 Terrarii
1463 3926 1531 3986 et
1556 3921 1840 3985 Bursarii
1862 3921 1945 3986 ad
1966 3922 2255 3987 Halmot’
2279 3930 2346 3987 et
2367 3923 2450 3987 ad

203 3998 343 4066 alios
382 4006 692 4073 adventus
736 4030 886 4074 suos
931 4010 1054 4074 sub
1082 4028 1275 4091 poena
1306 4008 1451 4073 4od.
1469 4045 1559 4056 —
1579 4007 1958 4091 Injunctum
2003 4015 2103 4073 est
2145 4010 2445 4074 omnibus

202 4087 551 4185 tenentibus
581 4095 757 4161 villae
784 4096 959 4179 quod
988 4093 1211 4160 nullus
1254 4115 1475 4160 eorum
1504 4094 1710 4159 molat
1736 4094 2003 4159 bladum
2031 4103 2215 4160 extra
2244 4096 2449 4160 domi-

95 4181 100 4185 ’
205 4188 368 4239 mum
387 4176 538 4244 dum
557 4182 835 4247 molend’
851 4182 1124 4247 Domini
1145 4182 1383 4246 Prioris
1405 4181 1644 4246 molere
1664 4183 1871 4265 possit
1891 4183 2012 4247 sub
2033 4203 2224 4266 poena
2246 4189 2411 4247 20s.-
2427 4219 2452 4230 -

203 4254 279 4321 Et
315 4281 498 4347 super
543 4268 665 4333 hoc
716 4270 1089 4353 injunctum
1140 4274 1240 4333 est
1283 4269 1629 4353 praeposito
1670 4274 1737 4332 et
1773 4269 1900 4351 jur’
1940 4270 2113 4352 quod
2156 4268 2453 4333 arrestari

204 4341 422 4414 faciant
438 4353 699 4419 bladum
719 4355 1199 4422 transsiendum
1219 4361 1403 4421 extra
1422 4353 1782 4418 dominium
1812 4375 1960 4419 cum
1989 4355 2170 4436 equis
2201 4375 2276 4418 ea
2296 4354 2455 4418 cari-

206 4433 439 4501 antibus
466 4441 585 4506 sub
614 4463 807 4527 poena
832 4442 1155 4528 praedicta.
1246 4441 1593 4527 [Damages
1624 4460 1790 4504 were
1818 4440 2021 4504 found
2063 4441 2315 4521 against
2344 4440 2458 4501 the

1306 4543 1347 4591 G
1793 4566 1799 4571 .
