3042 5034
550 470 585 527 3
596 471 631 528 2
1075 479 1389 526 ΗΑΒΜΟΤΑ
1419 479 1785 528 PRIORATUS
1817 469 2673 527 DUNELMRNSIS.1
2687 470 2724 527 3
2733 470 2778 527 6
2789 471 2851 528 4.

548 637 621 700 in
671 637 953 724 crastino
999 637 1251 700 dierum
1295 635 1693 700 festivalium
1736 656 1851 718 per
1881 635 2264 719 Magistrum
2295 634 2375 698 de
2405 625 2850 700 Weremouth

548 717 774 786 cariari
821 723 1015 788 faciat
1059 743 1252 805 super
1280 729 1514 786 terram
1558 722 1990 806 pertinentem
2032 723 2314 785 manerio
2355 723 2476 785 sub
2515 743 2712 805 poena
2737 724 2846 789 di.

549 830 905 873 marcae.—
928 811 1308 894 Injunctum
1355 816 1455 873 est
1505 810 1807 873 omnibus
1864 809 2235 872 tenentibus
2285 807 2460 871 viflae
2510 816 2580 872 et
2622 810 2846 873 eciam

548 897 920 961 tenentibus
976 896 1056 961 de
1113 894 1534 960 Weremouth
1591 895 1764 978 quod
1828 900 2095 958 teneant
2157 893 2484 977 quandam
2558 916 2842 960 consue-

548 982 846 1048 tudinem
874 1004 955 1047 ex
985 983 1251 1065 antiquo
1295 982 1602 1046 usitatam
1644 980 1817 1065 quod
1864 981 2086 1044 nullus
2130 1001 2350 1045 eorum
2392 987 2594 1063 ponat
2624 984 2844 1046 wrek-

551 1090 701 1133 cum
729 1070 923 1134 maris
953 1078 1146 1152 super
1173 1069 1236 1132 16
1272 1068 1563 1152 Hough
1544 1089 1616 1131 ιιι
1658 1069 1936 1131 crastino
1981 1066 2232 1131 dierum
2275 1067 2678 1131 festivalium
2707 1070 2841 1133 sub

547 1175 742 1238 poena
770 1156 855 1220 di.
888 1176 1117 1219 marcae
1146 1155 1427 1219 solvend.
1460 1175 1573 1238 per
1601 1154 1791 1218 ilium
1818 1154 1933 1237 qui
1961 1155 2034 1217 in
2061 1154 2319 1218 defectu
2347 1154 2677 1236 reperitur.

636 1241 1055 1306 WYUESTOW.
1144 1241 1245 1305 De
1292 1240 1507 1305 Alicia
1555 1242 1688 1304 filia
1738 1243 1784 1305 J
1787 1240 2058 1305 ohannis
2108 1260 2224 1323 pro
2283 1240 2612 1304 mercheto
2671 1243 2836 1324 quia

550 1347 811 1412 pauper,
844 1328 942 1391 6(1.
1030 1325 1140 1409 [In
1169 1347 1209 1390 a
1236 1326 1360 1390 roll
1387 1328 1459 1390 of
1488 1333 1656 1390 1365
1690 1348 1785 1391 we
1822 1326 1988 1390 have
2032 1327 2238 1390 under
2267 1325 2379 1390 the
2408 1346 2586 1391 same
2617 1333 2836 1391 town-

551 1414 699 1496 ship
724 1420 861 1477 :—“
883 1414 985 1478 De
1030 1415 1193 1496 Agn.
1239 1413 1376 1476 filia
1425 1415 1606 1477 Patri
1659 1413 1851 1478 Clerk
1903 1433 2017 1496 pro
2068 1412 2392 1477 mercheto
2450 1414 2592 1477 12d.
2639 1415 2834 1479 Burs.

549 1501 790 1584 recepit
838 1501 993 1585 qt.”]
1014 1534 1102 1545 —
1123 1500 1225 1563 De
1276 1496 1444 1583 [etc]
1502 1500 1714 1583 depas.
1773 1499 2148 1582 herbagium
2204 1499 2475 1562 Domini
2531 1501 2712 1584 apud
2762 1502 2832 1566 le

549 1587 822 1670 Dennys
852 1593 1044 1670 prout
1072 1586 1314 1651 fatetur
1339 1587 1411 1648 in
1441 1588 1619 1650 curia
1647 1586 1729 1650 de
1759 1586 2178 1668 quolibet‘bd.
2211 1622 2237 1633 -
2269 1621 2296 1633 ·
2328 1624 2356 1634 -

636 1675 988 1740 SGHELLES.
1074 1674 1175 1738 De
1205 1673 1476 1736 Ricardo
1506 1673 1586 1736 de
1617 1672 1876 1756 Byrden
1907 1672 2176 1735 Ricardo
2206 1672 2509 1754 Harpour
2536 1672 2832 1738 Roberto

550 1761 922 1825 Benedicite
972 1761 1126 1844 quia
1170 1765 1463 1824 emerunt
1505 1760 1845 1823 cervisiam
1889 1759 2064 1841 apud
2106 1758 2369 1821 Novum
2409 1757 2711 1822 Castrum
2756 1767 2832 1824 et

547 1847 730 1912 illam
757 1847 1190 1912 vendiderunt
1231 1845 1405 1930 apud
1447 1846 1509 1910 16
1558 1845 1844 1909 Schelles
1889 1845 1971 1909 ad
2002 1844 2352 1928 dampnum
2383 1845 2428 1908 J
2431 1844 2712 1910 ohannis
2742 1847 2829 1911 de

550 1934 786 1997 Hilton
832 1941 899 1998 et
942 1934 1218 1997 aliorum
1262 1933 1423 1995 firm'
1454 1933 1620 1996 brac'
1651 1932 1731 1996 de
1781 1931 1878 1995 9d.
1910 1939 2102 2014 prout
2147 1936 2547 2014 compertum
2577 1941 2681 1996 est
2708 1953 2831 2016 per

542 2020 669 2102 jur’
713 2019 793 2084 de
847 2020 1138 2103 quolibet
1180 2020 1252 2081 in
1306 2018 1742 2083 misericordia
1788 2018 1888 2081 6d.
1916 2052 2005 2063 —
2034 2017 2416 2101 Injunctum
2467 2025 2571 2080 est
2613 2021 2712 2082 eis
2756 2027 2832 2083 et

548 2106 848 2169 omnibus
879 2105 1023 2169 aliis
1051 2106 1421 2170 tenentibus
1466 2105 1573 2169 del
1603 2104 1890 2168 Schelles
1920 2124 2001 2167 ne
2031 2105 2177 2187 quis
2221 2123 2440 2167 eorum
2483 2110 2660 2168 emat
2689 2126 2830 2169 cer-

548 2192 780 2255 visiam
830 2191 990 2255 alibi
1038 2211 1233 2274 quam
1283 2191 1458 2275 apud
1506 2192 1570 2256 16
1616 2190 1902 2256 Schelles
1953 2190 2109 2253 dum
2152 2190 2241 2253 ibi
2286 2190 2499 2253 fuerat
2548 2193 2829 2256 cervisia

549 2276 889 2341 vendenda
938 2277 1059 2339 sub
1112 2296 1305 2359 poena
1359 2283 1551 2341 2os.-
1579 2314 1609 2323 -
1637 2315 1726 2324 —
1754 2278 1856 2340 De
1907 2276 2055 2340 Ada
2105 2276 2185 2340 de
2231 2276 2487 2352 Birden,
2539 2276 2832 2343 Isabella
2885 2345 2902 2355 ,

552 2383 752 2428 uxore
798 2361 1071 2450 Walteri
1115 2363 1331 2439 Youll‚
1376 2364 1617 2427 Alicial
1660 2365 1741 2429 de
1786 2363 2115 2447 Skynaby,
2158 2362 2378 2446 Dyota
2421 2362 2503 2426 (16
2564 2363 2830 2440 Hilton‚

550 2450 710 2532 Agn’
758 2449 839 2512 de
883 2442 1031 2513 Al.
1078 2498 1092 2513 .
1135 2498 1148 2512 .
1195 2456 1261 2513 et
1312 2413 1528 2513 :Micia
1570 2450 1651 2515 de
1703 2451 1955 2514 Hornbi
2004 2450 2159 2533 quia
2206 2449 2640 2513 vendiderunt
2690 2473 2827 2515 cer-

547 2536 781 2599 visiam
826 2536 1035 2599 carius
1087 2556 1282 2618 quam
1325 2536 1415 2637 jd.
1465 2536 1585 2613 ob.,
1630 2537 1710 2600 de
1753 2536 2041 2619 qualibet
2089 2535 2188 2600 6d.
2211 2572 2298 2581 -—
2321 2535 2625 2614 caterina
2685 2537 2826 2602 filia

547 2623 594 2687 J
596 2620 868 2686 ohannis
898 2622 1209 2686 Emotson
1237 2623 1419 2686 venit
1446 2622 1601 2688 1116
1582 2644 1653 2686 ιιι
1682 2624 1860 2687 curia
1888 2629 1953 2687 et
1981 2622 2154 2706 cepit
2181 2641 2384 2684 unum
2414 2624 2828 2705 mesuagium

548 2709 723 2792 quod
774 2708 1084 2773 Ricardus
1144 2709 1402 2793 Durray
1459 2709 1640 2792 prius
1692 2709 1905 2773 tenuit
1970 2714 2037 2773 et
2094 2708 2267 2792 quod
2324 2707 2532 2772 Elena
2599 2709 2827 2794 Cappe

547 2816 804 2861 sursum
845 2795 1129 2861 reddidit
1163 2795 1245 2859 ad
1283 2816 1444 2878 opus
1488 2797 1694 2879 ipsius
1741 2796 2092 2859 Caterinae:
2136 2794 2404 2858 habend.
2451 2799 2519 2859 et
2557 2797 2820 2862 tenend.

547 2882 630 2946 ad
700 2890 882 2948 term.
941 2883 1097 2947 vitae
1168 2902 1340 2946 suae:
1407 2882 1578 2946 redd.
1656 2882 1992 2965 antiquam
2063 2882 2314 2944 firmam
2385 2887 2452 2944 et
2521 2881 2824 2947 faciendo

547 2970 830 3035 Domino
874 2977 942 3034 et
970 2969 1204 3033 vicinis
1249 2989 1393 3052 quae
1433 2969 1821 3032 incumbunt
1852 3007 1878 3018 -
1908 3006 1935 3017 -
1965 2969 2101 3031 Dat
2127 2987 2243 3050 pro
2287 2968 2522 3050 gress'a
2571 2974 2704 3033 206.
2735 3008 2824 3017 -

547 3057 948 3141 Praeoeptum
993 3063 1094 3121 est
1123 3056 1273 3119 dict’
1305 3054 1707 3119 Wilielmum
1730 3054 1934 3118 Liolfe
1977 3059 2044 3119 et
2083 3054 2393 3116 Thomam
2423 3054 2565 3137 [sic]
2597 3055 2824 3121 Scotes

546 3143 629 3206 ad
651 3143 895 3207 essend’
925 3143 1033 3206 hic
1062 3141 1143 3206 ad
1172 3142 1349 3225 prox’
1379 3141 1461 3205 ad
1492 3141 1908 3224 respondend.
1942 3140 2224 3204 Domino
2249 3139 2328 3203 de
2360 3160 2489 3203 uno
2519 3143 2825 3224 porpasio

545 3229 814 3292 invento
867 3228 1039 3311 apud
1097 3228 1160 3292 le
1204 3228 1528 3312 Wiringes
1586 3248 1778 3310 super
1835 3228 2135 3291 sabulum
2184 3228 2377 3310 juxta
2429 3226 2689 3291 Harton
2740 3229 2824 3294 de

546 3334 787 3377 wrecco
816 3313 1010 3377 maris
1040 3320 1107 3377 et
1133 3314 1399 3378 vendito
1444 3314 1618 3397 apud
1663 3315 1926 3377 Novum
1972 3315 2269 3377 Castrum
2312 3332 2426 3396 pro
2465 3319 2595 3377 126.
2626 3323 2824 3398 prout

545 3404 1005 3482 praesentatum
1036 3405 1134 3463 est
1164 3419 1276 3482 per
1299 3401 1439 3481 jur'.
1530 3400 1731 3483 [Vide
1767 3405 1950 3463 1365.
1983 3400 2104 3483 ΙΙ.]

633 3485 790 3549 Es'r-
793 3486 1134 3549 RAYNTON.
1246 3488 1292 3550 J
1294 3486 1581 3551 ohannes
1641 3487 1831 3550 Pater
1888 3487 2140 3562 Noster,
2199 3486 2518 3549 Robertus
2579 3487 2826 3571 Brygh‚

544 3573 590 3637 J
593 3571 879 3636 ohannes
909 3572 1243 3655 Chapman
1272 3581 1339 3637 et
1366 3574 1411 3637 J
1414 3572 1699 3637 ohannes
1727 3574 2019 3650 Freman,
2040 3573 2181 3655 jur'.

632 3660 1199 3724 WEST-RAYNTON.
1289 3659 1667 3742 Inquiratur
1722 3660 1802 3724 de
1858 3660 2160 3741 capcione
2215 3658 2411 3721 unius
2463 3659 2702 3744 cotagii
2753 3666 2824 3725 et

542 3767 587 3810 v
618 3767 906 3811 acrarum
950 3754 1135 3812 terrae
1180 3747 1505 3829 quondam
1550 3745 1621 3809 in
1650 3751 1879 3809 tenura
1922 3745 2079 3808 Edae
2123 3745 2371 3808 Gibson
2417 3742 2699 3827 [Giblyn
2741 3749 2822 3810 in

552 3838 739 3909 1364,
770 3833 888 3917 ΙΙ.]
933 3854 1080 3917 quae
1117 3834 1162 3897 J
1165 3833 1450 3904 ohannes
1492 3832 1598 3896 del
1642 3832 1800 3896 Wra
1844 3831 2018 3914 cepit
2047 3829 2299 3914 xxxviij
2348 3832 2538 3895 annis
2578 3832 2825 3916 elapsis

544 3924 621 3981 ut
650 3919 896 3995 dicunt,
927 3920 1098 3983 redd.
1130 3939 1245 4002 pro
1291 3918 1589 4001 operibus
1635 3939 1694 4001 p.
1727 3939 1780 3982 a.
1817 3924 1902 3982 66.
1936 3925 2013 3981 ut
2058 3917 2351 3981 solebant
2379 3917 2641 3982 reddere
2671 3939 2728 4002 p.
2763 3940 2817 3983 a.

550 4010 678 4067 106.
737 4004 837 4068 sd.
885 4025 999 4088 pro
1050 4005 1364 4088 operibus.
1455 4005 1611 4068 Ideo
1670 4011 2038 4069 scrutentur
2087 4003 2316 4067 Rotuli
2372 4004 2453 4067 de
2512 4005 2819 4087 capcione

545 4089 741 4174 hujus
771 4091 1005 4174 cot-agii
1033 4097 1100 4153 et
1127 4096 1325 4154 terrae.
1349 4129 1437 4139 —
1461 4091 1876 4174 Compertum
1922 4099 2024 4154 est
2065 4111 2179 4173 per
2221 4089 2766 4172 inquisicionem
2745 4111 2822 4155 ιιι

542 4176 1645 4348 ἓὲἰῗεῗξέἓᾱυζῖἔὲοῗὲεΡῈᾙο
1667 4177 1786 4327 ῗέ(
1830 4177 2822 4328 {Zissssssmffifflimfirioffissgssss

543 4350 716 4434 quod
747 4356 928 4432 pater
957 4356 1023 4413 et
1052 4369 1210 4412 avus
1240 4368 1394 4412 suus
1423 4371 1540 4433 pro
1588 4349 1827 4413 nativis
1873 4349 2033 4412 dicti
2078 4349 2348 4411 Domini
2377 4350 2619 4412 Prioris
2647 4356 2822 4414 tene·

540 4438 793 4502 bantur.
883 4437 969 4500 Et
997 4454 1189 4518 super
1217 4434 1339 4499 1166
1367 4436 1541 4499 idem
1571 4436 1765 4519 Hugo
1795 4436 1948 4500 fecit
1992 4435 2372 4500 fidelitatem
2402 4435 2559 4500 hic
2541 4457 2614 4500 ιιι
2641 4437 2819 4501 curia
