3042 5034
211 520 442 583 1379.
781 535 1100 585 nmo-m
1130 536 1496 586 Pmonuus
1525 537 2010 587 nonmusm.
2410 528 2531 587 155

207 692 603 757 sufficienti
645 700 824 759 statu
866 694 1170 760 dimittet.
1260 695 1349 758 Et
1390 694 1629 760 sciend.
1676 695 1850 780 quod
1894 702 2268 761 executores
2311 695 2532 761 Thom.

209 780 320 845 fil,
358 779 549 844 will.
583 780 838 845 solvent
882 782 1041 846 firm.
1074 789 1257 847 term.
1296 783 1489 847 Mart.
1520 799 1645 847 Aa).
1678 790 1797 848 etc.
1843 781 2114 866 lxxviij„
2143 789 2211 848 et
2252 803 2330 848 eo
2358 784 2532 868 quod

211 867 415 932 obiit
445 868 629 951 prius
660 869 803 933 fest.
828 869 976 934 Pur.
1008 869 1143 933 eod.
1176 889 1346 934 anno
1376 878 1445 934 et
1473 877 1603 935 ten.
1633 870 1811 934 villae
1855 869 2111 935 solvent
2153 870 2312 934 firm.
2344 878 2531 935 term.

211 955 434 1019 Pent.
461 975 538 1019 eo
567 955 741 1039 quod
765 956 894 1019 fuit
921 955 993 1019 in
1023 976 1222 1020 manu
1252 957 1729 1022 eorum—soh.
1754 957 1836 1021 de
1858 956 2136 1040 Berwyk
2159 957 2334 1041 cepit
2355 957 2382 1040 j
2408 965 2530 1022 cot.

209 1041 300 1125 iij
337 1063 398 1107 a.
434 1048 550 1107 ter.
597 1044 711 1126 etj
745 1042 1022 1106 salinam
1050 1081 1073 1092 -
1103 1079 1132 1092 ·
1162 1043 1329 1108 Hah.
1362 1044 1446 1108 ad
1475 1050 1657 1109 term.
1690 1044 1845 1108 vitae
1879 1064 2031 1120 suae,
2060 1043 2233 1108 redd„
2264 1064 2382 1128 pro
2411 1051 2532 1108 cot.

211 1137 300 1193 et
335 1137 463 1194 ter.
494 1151 556 1213 p.
587 1149 641 1193 a.
677 1149 722 1193 v
750 1150 798 1193 s.
831 1137 899 1195 et
924 1151 1041 1214 pro
1076 1129 1285 1194 salina
1306 1132 1334 1214 j
1368 1138 1578 1215 quart.
1609 1130 1765 1196 salis
1810 1130 1994 1216 [with
2020 1130 2281 1195 similar
2321 1132 2536 1196 condi-

213 1217 416 1280 tion-3
428 1220 549 1300 for
576 1216 843 1301 repair]

329 1303 576 1368 Adhuc
620 1304 1089 1369 BILLYNGHAM.
1202 1303 1597 1369 Ordinatum
1626 1311 1726 1370 est
1755 1325 1839 1370 ex
1881 1303 2214 1370 communi
2242 1324 2532 1383 assensu,

217 1390 423 1474 quod
457 1389 681 1454 nullus
711 1398 997 1474 tempore
1040 1391 1379 1456 messionis
1423 1391 1663 1457 habeat
1704 1412 1821 1476 per
1864 1392 2037 1456 diem
2080 1391 2260 1476 nisij
2292 1413 2534 1476 equum

219 1478 421 1540 infra
451 1476 641 1554 bled„
663 1497 777 1560 pro
807 1479 951 1542 cibo
979 1499 1097 1542 suo
1119 1478 1450 1561 portand0‚
1473 1487 1543 1544 et
1570 1478 1743 1563 quod
1773 1478 1856 1542 ad
1885 1486 2141 1544 noctem
2170 1487 2536 1544 ammoveat

221 1565 445 1648 praed.
492 1585 732 1648 equum
776 1564 857 1630 de
902 1564 1069 1629 blad.
1102 1565 1225 1629 sub
1270 1585 1461 1649 poena
1490 1566 1562 1630 xl
1580 1566 1661 1642 d.,
1689 1574 1758 1631 et
1785 1566 2087 1630 similiter
2107 1564 2282 1649 quod
2310 1565 2535 1630 nullus

223 1658 542 1735 asportet
582 1650 751 1716 blad.
783 1651 1049 1716 alterius
1095 1652 1220 1716 sub
1262 1652 1486 1718 eadem
1530 1673 1739 1737 poena.
1831 1653 2105 1738 [Hogge,
2155 1652 2535 1737 Schephird,

229 1738 557 1823 Spar-owe
586 1759 761 1802 occur
792 1760 865 1803 as
889 1738 1259 1823 mmmmm]

334 1827 581 1889 AcLEY.
673 1824 1061 1890 Ordinatum
1091 1833 1190 1890 est
1221 1847 1302 1890 ex
1334 1826 1663 1891 communi
1707 1845 1973 1890 assensu
2002 1830 2140 1889 tam
2183 1824 2536 1890 liberorum

233 1933 451 1997 quam
495 1918 623 1977 ten.
672 1913 837 1977 dom.
887 1914 1126 1978 Prioris
1171 1913 1344 1996 quod
1375 1913 1554 1977 Will.
1602 1916 1827 1990 Pouer,
1858 1911 2191 1976 Gilbertus
2236 1912 2533 1989 Randolf,

235 2000 408 2083 Rog.
442 1999 653 2076 Losse,
675 2000 721 2064 J
725 1999 824 2064 oh.
857 2000 1225 2075 Redworth,
1253 1999 1435 2064 Will.
1470 1999 1726 2076 Colson‚
1748 2006 1816 2064 et
1844 1999 2120 2063 Thomas
2152 1998 2536 2083 Parkynson

237 2086 332 2150 ad
352 2086 687 2150 ordinand.
708 2095 775 2151 et
792 2087 1066 2170 ponend.
1088 2087 1256 2151 freth
1283 2087 1382 2171 [or
1404 2087 1611 2170 frech]
1635 2096 1701 2149 et
1720 2087 1937 2150 omnia
1954 2091 2114 2170 pert.
2129 2085 2322 2170 praed.
2342 2085 2537 2163 villae,

239 2173 374 2237 sub
419 2194 613 2256 poena
656 2173 741 2237 di.
772 2175 1436 2256 marc.—Injunctum
1482 2182 1583 2238 est
1627 2173 1807 2237 Will.
1841 2174 1921 2238 de
1966 2173 2197 2237 Bolom
2241 2181 2308 2239 et
2350 2173 2531 2238 Will.

239 2261 390 2325 Yut
420 2260 602 2411 (1ιὲῗὲ
615 2262 898 2345 reparari
925 2261 1169 2326 faciant
1196 2282 1605 2326 communem
1628 2260 1891 2336 faldam,
1911 2281 2028 2345 pro
2050 2268 2234 2344 parte
2256 2281 2391 2338 sua,
2413 2262 2537 2328 sub

237 2367 444 2433 poena
604 2396 619 2412 .

337 2435 638 2499 BORDON.
726 2434 888 2499 Dies
931 2434 1124 2499 datus
1174 2440 1273 2499 est
1317 2435 1442 2516 jur.
1496 2434 1671 2518 quod
1714 2433 2050 2519 inquirant
2092 2434 2254 2500 citra
2296 2435 2539 2499 festum

240 2521 311 2587 S.
343 2521 549 2585 Mich.
582 2521 663 2585 de
691 2528 803 2586 ter.
837 2521 1121 2586 Galfridi
1150 2522 1229 2585 de
1261 2520 1555 2585 Kellowe
1598 2523 1657 2586 si
1702 2523 1858 2586 Rob.
1884 2522 2078 2586 Dinis
2108 2522 2281 2605 cepit
2311 2522 2392 2586 de
2423 2528 2535 2585 ter.

243 2607 423 2673 Galf.
458 2609 658 2693 praed.
692 2609 763 2671 in
794 2608 903 2673 lat.
942 2623 1035 2671 xx
1077 2608 1224 2692 ped.
1257 2607 1428 2691 long.
1460 2629 1569 2673 ccc
1599 2609 1747 2693 ped.
1774 2617 1841 2673 et
1877 2610 2217 2691 occupavit
2259 2628 2375 2691 per
2418 2610 2532 2692 xiij

242 2715 457 2760 annos
480 2695 730 2779 elapsos
759 2695 842 2760 ad
872 2695 1085 2779 damp.
1116 2696 1321 2779 ipsius
1353 2695 1521 2759 Galf.
1556 2717 1644 2759 xx
1664 2695 1871 2774 s.,sub
1899 2716 2092 2778 poena
2121 2696 2208 2758 di.
2236 2715 2446 2770 marc„
2470 2704 2536 2758 et

243 2784 458 2847 eciam
490 2783 548 2846 si
579 2781 751 2847 Galf.
781 2782 975 2867 praed.
1009 2782 1333 2846 destruxit
1363 2782 1617 2865 herbag.
1636 2804 1751 2866 per
1780 2802 1899 2864 eq„
1931 2780 2058 2865 [in]
2082 2782 2109 2864 j
2143 2781 2303 2864 plac.
2329 2789 2532 2845 vocat.

244 2869 1118 2953 Cringelker.-—Injunctum
1149 2870 1450 2933 omnibus
1478 2875 1607 2933 ten.
1638 2867 1813 2932 villae
1845 2867 2019 2951 quod
2062 2867 2284 2931 nullus
2315 2887 2535 2931 eorum

245 2956 594 3021 succidant
619 2956 715 3021 les
746 2956 970 3020 balkes
999 2964 1152 3021 ante
1182 2957 1321 3021 fest.
1356 2957 1415 3021 S.
1450 2954 1652 3019 Mich.
1685 2955 1808 3019 sub
1837 2974 2029 3037 poena
2060 2953 2129 3016 xl
2149 2953 2206 3016 d.

337 3043 1312 3107 WALLESHEND.—Ordinatum
1341 3048 1442 3107 est
1471 3063 1552 3105 ex
1584 3062 1741 3105 com.
1772 3061 2039 3105 assensu
2062 3040 2235 3123 quod
2259 3040 2535 3124 quilibet

244 3150 474 3195 eorum
518 3130 762 3194 faciant
803 3130 1075 3196 clausur.
1122 3130 1373 3213 gardin.
1421 3129 1887 3192 dominicorum
1927 3127 2169 3191 ibidem
2200 3128 2361 3192 citra
2391 3129 2532 3192 fest.

246 3218 312 3282 S.
344 3216 547 3281 Mich.
580 3236 762 3299 prox,
789 3218 912 3283 fut.
944 3218 1065 3282 sub
1096 3237 1290 3301 poena
1318 3216 1407 3300 xij
1430 3216 1858 3280 d.—Thomas
1888 3215 2094 3279 Benet
2116 3214 2271 3279 fecit
2290 3235 2536 3279 rescus-

246 3325 399 3368 sum
419 3303 865 3388 inpignorand.
889 3304 1047 3369 best.
1071 3304 1311 3368 ibidem
1331 3341 1419 3352 —
1437 3302 1617 3366 Will.
1646 3302 1932 3368 Clericus
1962 3302 2042 3367 de
2065 3301 2437 3385 Tynmouth
2468 3307 2536 3366 et

247 3391 615 3455 communis
644 3396 916 3455 venator
942 3393 1116 3475 cepit
1143 3390 1390 3474 lepores
1419 3390 1677 3454 ibidem.
1772 3390 1989 3474 [Other
2001 3391 2170 3474 fines
2180 3389 2405 3474 follow
2419 3391 2537 3473 sor

245 3478 510 3543 similar
558 3480 804 3562 offences
856 3479 1161 3562 confessed
1209 3478 1285 3540 in
1342 3476 2047 3561 Court.]—Injunctum
2093 3484 2193 3542 est
2237 3477 2536 3541 omnibus

245 3572 382 3630 ten.
412 3565 590 3629 vinae
620 3585 704 3629 ex
725 3585 858 3629 uns.
885 3574 1069 3649 parte
1099 3572 1167 3629 et
1195 3564 1371 3628 will.
1399 3564 1749 3647 Capellano
1780 3564 1953 3649 quod
1984 3564 2204 3629 nullus
2236 3564 2537 3629 dedicent

247 3653 330 3717 al.
361 3651 429 3715 in
483 3651 697 3716 verbis
739 3652 861 3716 vel.
906 3652 1096 3716 factis
1141 3651 1222 3715 de
1265 3658 1476 3716 cetero
1520 3652 1643 3715 sub
1682 3671 1876 3735 poena
1919 3650 1987 3714 di
2026 3670 2216 3715 marc.
2247 3649 2532 3716 solvend.

249 3738 847 3822 etc—Injunctum
877 3747 978 3803 est
1019 3739 1320 3803 omnibus
1364 3745 1496 3801 ten.
1529 3738 1705 3802 villae
1747 3737 1922 3821 quod
1966 3736 2249 3820 reparari
2293 3737 2537 3801 faciant

250 3846 664 3891 communem
694 3825 938 3890 faldam
967 3826 1129 3890 citra
1158 3846 1334 3909 prox.
1368 3845 1495 3888 cur.
1528 3825 1650 3889 sub
1679 3845 1873 3909 poena
1903 3823 1971 3887 xl
1991 3824 2050 3888 d.
2082 3822 2367 3888 solvend.
2398 3829 2536 3901 etc„

250 3920 319 3978 et
366 3912 574 3978 eciam
619 3912 794 3998 quod
841 3933 972 3977 non
1018 3920 1220 3997 ponat
1256 3909 1400 3998 [sic]
1430 3930 1805 3977 communes
1836 3912 1990 3976 best.
2025 3911 2198 3975 villae
2240 3909 2313 3974 in
2344 3911 2535 3994 praed.

253 4000 430 4064 felda
481 4000 604 4064 sub
655 4019 848 4084 poena
898 3999 981 4063 di.
1009 4020 1199 4063 marc.
1289 4001 1334 4064 J
1338 3998 1438 4064 oh.
1480 3999 1563 4062 de
1611 4000 1831 4064 Jarow
1883 3996 2067 4085 [with.
2108 4020 2281 4062 seven
2322 3999 2538 4075 others,

253 4108 484 4170 amonq
512 4087 676 4151 them
707 4086 990 4151 Richard
1019 4084 1235 4171 Tubb]
1271 4093 1584 4170 ceperunt
1613 4085 1969 4150 dominicas
2012 4093 2127 4150 ter.
2159 4086 2240 4151 de
2267 4086 2539 4150 Walles-

254 4175 429 4240 hend
459 4195 608 4239 cum
640 4174 940 4258 operibus
979 4182 1139 4257 pert.
1170 4174 1365 4258 praed.
1397 4172 1774 4253 dominicis;
1818 4173 1963 4237 hab.
1994 4173 2077 4236 ad
2108 4180 2288 4238 term.
2321 4173 2407 4236 ix.
2437 4193 2538 4236 an.

251 4261 424 4327 redd„
458 4282 504 4325 x
524 4261 588 4324 li.
620 4261 731 4344 xvj
754 4281 800 4326 s.
832 4261 948 4344 viij
971 4261 1030 4325 d.
1062 4297 1088 4309 -
1118 4297 1148 4308 -
1178 4268 1246 4326 et
1273 4259 1465 4344 praed.
1500 4260 1665 4324 dom.
1701 4259 1823 4344 [et]
1854 4268 1968 4324 ter.
1998 4260 2069 4323 in
2101 4260 2229 4324 fine
2258 4267 2440 4323 term.
2470 4260 2540 4321 in
2589 4338 2600 4352 .

253 4349 592 4413 sufficient.
618 4355 796 4412 statu
826 4347 1412 4412 dimittent—Joh.
1437 4347 1518 4411 de
1550 4347 1852 4411 Dunelm.
1874 4347 2072 4411 habet
2090 4347 2312 4411 licenc.
2337 4345 2543 4409 taber-

253 4435 453 4500 nandi
475 4438 502 4519 j
531 4440 652 4501 cot.
686 4441 752 4498 et
779 4435 875 4518 iiij
898 4455 952 4498 a.
983 4441 1095 4499 ter.
1128 4435 1246 4497 uni
1276 4434 1623 4498 sufficienti
1653 4434 1919 4498 tenenti.
1944 4434 1992 4497 J
1994 4434 2095 4497 oh.
2125 4434 2206 4497 de
2234 4430 2543 4496 Dunelm.

250 4523 435 4589 venit
463 4531 689 4607 postea
733 4529 801 4587 et
828 4541 1084 4586 sursum
1115 4521 1400 4586 reddidit
1429 4520 1625 4603 praed.
1649 4526 1768 4584 cot.
1801 4528 1868 4583 et
1911 4520 2007 4601 iiij
2034 4539 2088 4582 a.
2119 4525 2232 4582 ter.
2265 4517 2544 4580 Roberto
