<?xml version="1.0" encoding="UTF-8"?>
<!DOCTYPE html PUBLIC "-//W3C//DTD XHTML 1.0 Transitional//EN"
    "http://www.w3.org/TR/xhtml1/DTD/xhtml1-transitional.dtd">
<html xmlns="http://www.w3.org/1999/xhtml" xml:lang="en" lang="en">
 <head>
  <title>
</title>
<meta http-equiv="Content-Type" content="text/html;charset=utf-8" />
  <meta name='ocr-system' content='tesseract 3.04.00' />
  <meta name='ocr-capabilities' content='ocr_page ocr_carea ocr_par ocr_line ocrx_word'/>
</head>
<body>
  <div class='ocr_page' id='page_1' title='image "./halmotaprioratu00bootgoog_0202.png"; bbox 0 0 3042 5034; ppageno 0'>
   <div class='ocr_carea' id='block_1_1' title="bbox 541 512 2835 576">
    <p class='ocr_par' dir='ltr' id='par_1_1' title="bbox 541 512 2835 576">
     <span class='ocr_line' id='line_1_1' title="bbox 541 512 2835 576; baseline -0.003 0"><span class='ocrx_word' id='word_1_1' title='bbox 541 518 570 576; x_wconf 93' lang='grc'>1</span> <span class='ocrx_word' id='word_1_2' title='bbox 585 518 662 576; x_wconf 86' lang='grc'>52</span> <span class='ocrx_word' id='word_1_3' title='bbox 1049 524 1366 572; x_wconf 76' lang='lat' dir='ltr'>nALMorA</span> <span class='ocrx_word' id='word_1_4' title='bbox 1395 523 1763 572; x_wconf 78' lang='lat' dir='ltr'>PRIORATUS</span> <span class='ocrx_word' id='word_1_5' title='bbox 1793 522 2276 572; x_wconf 75' lang='lat' dir='ltr'>DUNELMRNSIS.</span> <span class='ocrx_word' id='word_1_6' title='bbox 2641 512 2761 571; x_wconf 82' lang='lat'>137</span> <span class='ocrx_word' id='word_1_7' title='bbox 2771 513 2835 571; x_wconf 83' lang='lat'>8.</span> 
     </span>
    </p>
   </div>
   <div class='ocr_carea' id='block_1_2' title="bbox 537 680 2847 2767">
    <p class='ocr_par' dir='ltr' id='par_1_2' title="bbox 537 680 2837 1356">
     <span class='ocr_line' id='line_1_2' title="bbox 537 680 2833 769; baseline -0.002 -21"><span class='ocrx_word' id='word_1_8' title='bbox 537 684 868 748; x_wconf 79' lang='lat' dir='ltr'>defament</span> <span class='ocrx_word' id='word_1_9' title='bbox 920 684 1034 746; x_wconf 87' lang='lat' dir='ltr'>alii</span> <span class='ocrx_word' id='word_1_10' title='bbox 1088 681 1230 769; x_wconf 77' lang='lat' dir='ltr'>[sic]</span> <span class='ocrx_word' id='word_1_11' title='bbox 1288 684 1356 745; x_wconf 92' lang='lat' dir='ltr'>in</span> <span class='ocrx_word' id='word_1_12' title='bbox 1402 683 1619 745; x_wconf 86' lang='lat' dir='ltr'>verbis</span> <span class='ocrx_word' id='word_1_13' title='bbox 1665 682 1771 746; x_wconf 86' lang='lat' dir='ltr'>vel</span> <span class='ocrx_word' id='word_1_14' title='bbox 1831 681 2039 759; x_wconf 88' lang='lat' dir='ltr'>factis,</span> <span class='ocrx_word' id='word_1_15' title='bbox 2082 682 2205 744; x_wconf 87' lang='lat' dir='ltr'>sub</span> <span class='ocrx_word' id='word_1_16' title='bbox 2264 700 2459 763; x_wconf 88' lang='lat' dir='ltr'>poena</span> <span class='ocrx_word' id='word_1_17' title='bbox 2512 680 2651 745; x_wconf 84' lang='lat' dir='ltr'><strong>xls.</strong></span> <span class='ocrx_word' id='word_1_18' title='bbox 2698 681 2833 745; x_wconf 81' lang='lat' dir='ltr'>sol·</span> 
     </span>
     <span class='ocr_line' id='line_1_3' title="bbox 537 768 2833 850; baseline -0.002 -15"><span class='ocrx_word' id='word_1_19' title='bbox 537 771 723 835; x_wconf 83' lang='lat' dir='ltr'>vend.</span> <span class='ocrx_word' id='word_1_20' title='bbox 757 778 874 835; x_wconf 88' lang='lat' dir='ltr'>etc.</span> <span class='ocrx_word' id='word_1_21' title='bbox 966 772 1053 833; x_wconf 87' lang='lat' dir='ltr'>Et</span> <span class='ocrx_word' id='word_1_22' title='bbox 1097 772 1234 834; x_wconf 88' lang='lat' dir='ltr'>dies</span> <span class='ocrx_word' id='word_1_23' title='bbox 1281 770 1472 833; x_wconf 84' lang='lat' dir='ltr'>datus</span> <span class='ocrx_word' id='word_1_24' title='bbox 1518 777 1619 833; x_wconf 82' lang='lat' dir='ltr'>est</span> <span class='ocrx_word' id='word_1_25' title='bbox 1647 769 1829 832; x_wconf 89' lang='lat' dir='ltr'>Will.</span> <span class='ocrx_word' id='word_1_26' title='bbox 1877 769 2176 850; x_wconf 88' lang='lat' dir='ltr'>Currour,</span> <span class='ocrx_word' id='word_1_27' title='bbox 2224 768 2372 832; x_wconf 80' lang='lat' dir='ltr'>Joh.</span> <span class='ocrx_word' id='word_1_28' title='bbox 2408 768 2647 845; x_wconf 88' lang='lat' dir='ltr'>Smith,</span> <span class='ocrx_word' id='word_1_29' title='bbox 2675 769 2833 833; x_wconf 83' lang='lat' dir='ltr'>Joh.</span> 
     </span>
     <span class='ocr_line' id='line_1_4' title="bbox 541 855 2837 941; baseline -0.001 -20"><span class='ocrx_word' id='word_1_30' title='bbox 541 858 620 921; x_wconf 89' lang='lat' dir='ltr'>de</span> <span class='ocrx_word' id='word_1_31' title='bbox 663 858 851 941; x_wconf 87' lang='lat' dir='ltr'>Fery,</span> <span class='ocrx_word' id='word_1_32' title='bbox 904 858 1058 941; x_wconf 86' lang='lat' dir='ltr'>Rog.</span> <span class='ocrx_word' id='word_1_33' title='bbox 1105 857 1516 932; x_wconf 84' lang='lat' dir='ltr'>Arowsmith,</span> <span class='ocrx_word' id='word_1_34' title='bbox 1571 864 1638 920; x_wconf 92' lang='lat' dir='ltr'>et</span> <span class='ocrx_word' id='word_1_35' title='bbox 1680 855 1860 919; x_wconf 91' lang='lat' dir='ltr'>Will.</span> <span class='ocrx_word' id='word_1_36' title='bbox 1907 855 2097 939; x_wconf 87' lang='lat' dir='ltr'>Byng</span> <span class='ocrx_word' id='word_1_37' title='bbox 2148 855 2321 939; x_wconf 91' lang='lat' dir='ltr'>quod</span> <span class='ocrx_word' id='word_1_38' title='bbox 2366 855 2708 937; x_wconf 81' lang='lat' dir='ltr'>inquirant</span> <span class='ocrx_word' id='word_1_39' title='bbox 2760 863 2837 920; x_wconf 83' lang='lat' dir='ltr'>et</span> 
     </span>
     <span class='ocr_line' id='line_1_5' title="bbox 540 942 2835 1028; baseline 0 -22"><span class='ocrx_word' id='word_1_40' title='bbox 540 953 933 1028; x_wconf 80' lang='lat' dir='ltr'>praesentent</span> <span class='ocrx_word' id='word_1_41' title='bbox 977 946 1147 1008; x_wconf 87' lang='lat' dir='ltr'>Terr.</span> <span class='ocrx_word' id='word_1_42' title='bbox 1184 944 1358 1027; x_wconf 86' lang='lat' dir='ltr'>apud</span> <span class='ocrx_word' id='word_1_43' title='bbox 1409 944 1714 1006; x_wconf 90' lang='lat' dir='ltr'>Dunelm.</span> <span class='ocrx_word' id='word_1_44' title='bbox 1764 944 1910 1026; x_wconf 87' lang='lat' dir='ltr'>quis</span> <span class='ocrx_word' id='word_1_45' title='bbox 1962 942 2317 1007; x_wconf 86' lang='lat' dir='ltr'>defamavit</span> <span class='ocrx_word' id='word_1_46' title='bbox 2368 942 2528 1006; x_wconf 89' lang='lat' dir='ltr'>Rob.</span> <span class='ocrx_word' id='word_1_47' title='bbox 2564 944 2835 1006; x_wconf 86' lang='lat' dir='ltr'>Robson</span> 
     </span>
     <span class='ocr_line' id='line_1_6' title="bbox 541 1029 2833 1113; baseline -0.001 -16"><span class='ocrx_word' id='word_1_48' title='bbox 541 1044 610 1098; x_wconf 89' lang='lat' dir='ltr'>et</span> <span class='ocrx_word' id='word_1_49' title='bbox 661 1032 1008 1096; x_wconf 85' lang='lat' dir='ltr'>Mariotam</span> <span class='ocrx_word' id='word_1_50' title='bbox 1056 1052 1255 1106; x_wconf 69' lang='lat' dir='ltr'>uxor„</span> <span class='ocrx_word' id='word_1_51' title='bbox 1299 1038 1365 1094; x_wconf 89' lang='lat' dir='ltr'>et</span> <span class='ocrx_word' id='word_1_52' title='bbox 1416 1032 1622 1094; x_wconf 89' lang='lat' dir='ltr'>eciam</span> <span class='ocrx_word' id='word_1_53' title='bbox 1674 1031 2067 1113; x_wconf 83' lang='lat' dir='ltr'>noctivagos,</span> <span class='ocrx_word' id='word_1_54' title='bbox 2109 1030 2215 1093; x_wconf 90' lang='lat' dir='ltr'>die</span> <span class='ocrx_word' id='word_1_55' title='bbox 2273 1029 2605 1093; x_wconf 81' lang='lat' dir='ltr'>dominica</span> <span class='ocrx_word' id='word_1_56' title='bbox 2651 1051 2833 1113; x_wconf 83' lang='lat' dir='ltr'>prox.</span> 
     </span>
     <span class='ocr_line' id='line_1_7' title="bbox 542 1117 2834 1199; baseline -0.001 -16"><span class='ocrx_word' id='word_1_57' title='bbox 542 1126 695 1183; x_wconf 88' lang='lat' dir='ltr'>ante</span> <span class='ocrx_word' id='word_1_58' title='bbox 738 1119 1128 1182; x_wconf 84' lang='lat' dir='ltr'>dominicam</span> <span class='ocrx_word' id='word_1_59' title='bbox 1175 1119 1397 1180; x_wconf 84' lang='lat' dir='ltr'>Ramis</span> <span class='ocrx_word' id='word_1_60' title='bbox 1444 1117 1706 1199; x_wconf 86' lang='lat' dir='ltr'>palmar.</span> <span class='ocrx_word' id='word_1_61' title='bbox 1761 1118 1883 1180; x_wconf 84' lang='lat' dir='ltr'>sub</span> <span class='ocrx_word' id='word_1_62' title='bbox 1936 1138 2130 1198; x_wconf 88' lang='lat' dir='ltr'>poena</span> <span class='ocrx_word' id='word_1_63' title='bbox 2176 1138 2265 1179; x_wconf 82' lang='lat' dir='ltr'>xx</span> <span class='ocrx_word' id='word_1_64' title='bbox 2284 1137 2353 1192; x_wconf 85' lang='lat' dir='ltr'>s.,</span> <span class='ocrx_word' id='word_1_65' title='bbox 2397 1125 2466 1179; x_wconf 86' lang='lat' dir='ltr'>et</span> <span class='ocrx_word' id='word_1_66' title='bbox 2517 1117 2725 1180; x_wconf 85' lang='lat' dir='ltr'>eciam</span> <span class='ocrx_word' id='word_1_67' title='bbox 2772 1118 2834 1181; x_wconf 87' lang='lat' dir='ltr'>si</span> 
     </span>
     <span class='ocr_line' id='line_1_8' title="bbox 542 1200 2835 1288; baseline -0.001 -18"><span class='ocrx_word' id='word_1_68' title='bbox 542 1207 691 1271; x_wconf 82' lang='lat' dir='ltr'>Joh.</span> <span class='ocrx_word' id='word_1_69' title='bbox 747 1206 827 1269; x_wconf 91' lang='lat' dir='ltr'>de</span> <span class='ocrx_word' id='word_1_70' title='bbox 887 1207 1052 1288; x_wconf 87' lang='lat' dir='ltr'>Fery</span> <span class='ocrx_word' id='word_1_71' title='bbox 1112 1205 1469 1267; x_wconf 80' lang='lat' dir='ltr'>defamavit</span> <span class='ocrx_word' id='word_1_72' title='bbox 1528 1224 1794 1268; x_wconf 86' lang='lat' dir='ltr'>uxorem</span> <span class='ocrx_word' id='word_1_73' title='bbox 1853 1200 2003 1268; x_wconf 87' lang='lat' dir='ltr'>Joh.</span> <span class='ocrx_word' id='word_1_74' title='bbox 2053 1204 2292 1279; x_wconf 88' lang='lat' dir='ltr'>Doket,</span> <span class='ocrx_word' id='word_1_75' title='bbox 2337 1204 2633 1268; x_wconf 88' lang='lat' dir='ltr'>vocando</span> <span class='ocrx_word' id='word_1_76' title='bbox 2687 1225 2835 1268; x_wconf 82' lang='lat' dir='ltr'>eam</span> 
     </span>
     <span class='ocr_line' id='line_1_9' title="bbox 546 1290 1417 1356; baseline -0.002 0"><span class='ocrx_word' id='word_1_77' title='bbox 546 1293 953 1356; x_wconf 77' lang='lat' dir='ltr'>meretricem</span> <span class='ocrx_word' id='word_1_78' title='bbox 985 1300 1050 1356; x_wconf 88' lang='lat' dir='ltr'>et</span> <span class='ocrx_word' id='word_1_79' title='bbox 1080 1290 1417 1354; x_wconf 84' lang='lat' dir='ltr'>latronem.</span> 
     </span>
    </p>

    <p class='ocr_par' dir='ltr' id='par_1_3' title="bbox 543 1377 2842 2070">
     <span class='ocr_line' id='line_1_10' title="bbox 630 1377 2835 1461; baseline -0 -20"><span class='ocrx_word' id='word_1_80' title='bbox 630 1380 928 1443; x_wconf 76' lang='lat' dir='ltr'>DALTON.</span> <span class='ocrx_word' id='word_1_81' title='bbox 1020 1379 1402 1461; x_wconf 88' lang='lat' dir='ltr'>Injunctum</span> <span class='ocrx_word' id='word_1_82' title='bbox 1455 1384 1555 1441; x_wconf 85' lang='lat' dir='ltr'>est</span> <span class='ocrx_word' id='word_1_83' title='bbox 1605 1377 1907 1440; x_wconf 85' lang='lat' dir='ltr'>omnibus</span> <span class='ocrx_word' id='word_1_84' title='bbox 1961 1384 2089 1441; x_wconf 87' lang='lat' dir='ltr'>ten.</span> <span class='ocrx_word' id='word_1_85' title='bbox 2136 1377 2329 1452; x_wconf 82' lang='lat' dir='ltr'>villae,</span> <span class='ocrx_word' id='word_1_86' title='bbox 2381 1377 2560 1460; x_wconf 90' lang='lat' dir='ltr'>quod</span> <span class='ocrx_word' id='word_1_87' title='bbox 2606 1377 2835 1440; x_wconf 76' lang='lat' dir='ltr'>nunus</span> 
     </span>
     <span class='ocr_line' id='line_1_11' title="bbox 543 1464 2837 1549; baseline -0 -20"><span class='ocrx_word' id='word_1_88' title='bbox 543 1486 763 1529; x_wconf 89' lang='lat' dir='ltr'>eorum</span> <span class='ocrx_word' id='word_1_89' title='bbox 795 1466 1178 1549; x_wconf 75' lang='lat' dir='ltr'>permittant</span> <span class='ocrx_word' id='word_1_90' title='bbox 1207 1465 1428 1547; x_wconf 86' lang='lat' dir='ltr'>aliqua</span> <span class='ocrx_word' id='word_1_91' title='bbox 1457 1465 1672 1528; x_wconf 85' lang='lat' dir='ltr'>averia</span> <span class='ocrx_word' id='word_1_92' title='bbox 1717 1485 1836 1528; x_wconf 83' lang='lat' dir='ltr'>sua</span> <span class='ocrx_word' id='word_1_93' title='bbox 1877 1464 2119 1528; x_wconf 87' lang='lat' dir='ltr'>intrare</span> <span class='ocrx_word' id='word_1_94' title='bbox 2161 1465 2331 1548; x_wconf 85' lang='lat' dir='ltr'>gard.</span> <span class='ocrx_word' id='word_1_95' title='bbox 2364 1485 2516 1528; x_wconf 86' lang='lat' dir='ltr'>suas</span> <span class='ocrx_word' id='word_1_96' title='bbox 2548 1465 2632 1528; x_wconf 91' lang='lat' dir='ltr'>ad</span> <span class='ocrx_word' id='word_1_97' title='bbox 2681 1486 2837 1528; x_wconf 89' lang='lat' dir='ltr'>con·</span> 
     </span>
     <span class='ocr_line' id='line_1_12' title="bbox 543 1551 2837 1634; baseline -0.001 -17"><span class='ocrx_word' id='word_1_98' title='bbox 543 1553 832 1617; x_wconf 86' lang='lat' dir='ltr'>culcand.</span> <span class='ocrx_word' id='word_1_99' title='bbox 865 1553 1039 1617; x_wconf 88' lang='lat' dir='ltr'>olera</span> <span class='ocrx_word' id='word_1_100' title='bbox 1080 1573 1200 1616; x_wconf 88' lang='lat' dir='ltr'>nec</span> <span class='ocrx_word' id='word_1_101' title='bbox 1245 1552 1466 1634; x_wconf 86' lang='lat' dir='ltr'>aliqua</span> <span class='ocrx_word' id='word_1_102' title='bbox 1494 1552 1624 1615; x_wconf 86' lang='lat' dir='ltr'>alia</span> <span class='ocrx_word' id='word_1_103' title='bbox 1655 1552 2013 1617; x_wconf 82' lang='lat' dir='ltr'>necessaria</span> <span class='ocrx_word' id='word_1_104' title='bbox 2042 1552 2213 1615; x_wconf 74' lang='lat' dir='ltr'>infra</span> <span class='ocrx_word' id='word_1_105' title='bbox 2256 1551 2428 1634; x_wconf 89' lang='lat' dir='ltr'>gard.</span> <span class='ocrx_word' id='word_1_106' title='bbox 2462 1553 2837 1615; x_wconf 82' lang='lat' dir='ltr'>vicinorum</span> 
     </span>
     <span class='ocr_line' id='line_1_13' title="bbox 546 1638 2835 1723; baseline -0.001 -18"><span class='ocrx_word' id='word_1_107' title='bbox 546 1640 922 1717; x_wconf 85' lang='lat' dir='ltr'>crescencia,</span> <span class='ocrx_word' id='word_1_108' title='bbox 967 1640 1088 1703; x_wconf 84' lang='lat' dir='ltr'>sub</span> <span class='ocrx_word' id='word_1_109' title='bbox 1148 1660 1342 1722; x_wconf 86' lang='lat' dir='ltr'>poena</span> <span class='ocrx_word' id='word_1_110' title='bbox 1401 1639 1491 1723; x_wconf 80' lang='lat' dir='ltr'>xij</span> <span class='ocrx_word' id='word_1_111' title='bbox 1516 1639 1574 1703; x_wconf 90' lang='lat' dir='ltr'>d.</span> <span class='ocrx_word' id='word_1_112' title='bbox 1638 1638 1924 1702; x_wconf 83' lang='lat' dir='ltr'>solvend.</span> <span class='ocrx_word' id='word_1_113' title='bbox 1980 1646 2097 1702; x_wconf 88' lang='lat' dir='ltr'>etc.</span> <span class='ocrx_word' id='word_1_114' title='bbox 2210 1640 2311 1702; x_wconf 91' lang='lat' dir='ltr'>De</span> <span class='ocrx_word' id='word_1_115' title='bbox 2364 1639 2613 1702; x_wconf 85' lang='lat' dir='ltr'>Thoma</span> <span class='ocrx_word' id='word_1_116' title='bbox 2666 1640 2835 1704; x_wconf 82' lang='lat' dir='ltr'>firm.</span> 
     </span>
     <span class='ocr_line' id='line_1_14' title="bbox 544 1725 2842 1810; baseline -0 -19"><span class='ocrx_word' id='word_1_117' title='bbox 544 1728 818 1791; x_wconf 85' lang='lat' dir='ltr'>manerii</span> <span class='ocrx_word' id='word_1_118' title='bbox 862 1748 977 1810; x_wconf 91' lang='lat' dir='ltr'>pro</span> <span class='ocrx_word' id='word_1_119' title='bbox 1017 1727 1043 1809; x_wconf 90' lang='lat' dir='ltr'>j</span> <span class='ocrx_word' id='word_1_120' title='bbox 1093 1735 1213 1791; x_wconf 92' lang='lat' dir='ltr'>cot.</span> <span class='ocrx_word' id='word_1_121' title='bbox 1255 1734 1323 1791; x_wconf 89' lang='lat' dir='ltr'>et</span> <span class='ocrx_word' id='word_1_122' title='bbox 1366 1726 1431 1807; x_wconf 87' lang='lat' dir='ltr'>vj</span> <span class='ocrx_word' id='word_1_123' title='bbox 1466 1746 1519 1790; x_wconf 87' lang='lat' dir='ltr'>a.</span> <span class='ocrx_word' id='word_1_124' title='bbox 1569 1734 1682 1789; x_wconf 87' lang='lat' dir='ltr'>ter.</span> <span class='ocrx_word' id='word_1_125' title='bbox 1716 1746 1850 1789; x_wconf 89' lang='lat' dir='ltr'>voc.</span> <span class='ocrx_word' id='word_1_126' title='bbox 1882 1725 1944 1789; x_wconf 92' lang='lat' dir='ltr'>le</span> <span class='ocrx_word' id='word_1_127' title='bbox 1976 1725 2345 1789; x_wconf 84' lang='lat' dir='ltr'>Smithland</span> <span class='ocrx_word' id='word_1_128' title='bbox 2392 1734 2686 1808; x_wconf 84' lang='lat' dir='ltr'>occupat.</span> <span class='ocrx_word' id='word_1_129' title='bbox 2720 1747 2842 1809; x_wconf 89' lang='lat' dir='ltr'>per</span> 
     </span>
     <span class='ocr_line' id='line_1_15' title="bbox 546 1812 2841 1899; baseline -0.001 -20"><span class='ocrx_word' id='word_1_130' title='bbox 546 1816 762 1899; x_wconf 85' lang='lat' dir='ltr'>ipsum</span> <span class='ocrx_word' id='word_1_131' title='bbox 808 1816 948 1879; x_wconf 85' lang='lat' dir='ltr'>sine</span> <span class='ocrx_word' id='word_1_132' title='bbox 993 1814 1297 1897; x_wconf 79' lang='lat' dir='ltr'>capcione</span> <span class='ocrx_word' id='word_1_133' title='bbox 1340 1833 1456 1896; x_wconf 88' lang='lat' dir='ltr'>per</span> <span class='ocrx_word' id='word_1_134' title='bbox 1501 1815 1571 1875; x_wconf 84' lang='lat' dir='ltr'>ix</span> <span class='ocrx_word' id='word_1_135' title='bbox 1599 1834 1700 1876; x_wconf 87' lang='lat' dir='ltr'>an.</span> <span class='ocrx_word' id='word_1_136' title='bbox 1735 1812 1952 1896; x_wconf 71' lang='lat' dir='ltr'>elapS„</span> <span class='ocrx_word' id='word_1_137' title='bbox 1982 1813 2277 1895; x_wconf 89' lang='lat' dir='ltr'>quolibet</span> <span class='ocrx_word' id='word_1_138' title='bbox 2305 1834 2405 1876; x_wconf 85' lang='lat' dir='ltr'>an.</span> <span class='ocrx_word' id='word_1_139' title='bbox 2439 1815 2502 1895; x_wconf 79' lang='lat' dir='ltr'>vj</span> <span class='ocrx_word' id='word_1_140' title='bbox 2533 1834 2606 1889; x_wconf 76' lang='grc'>8.,</span> <span class='ocrx_word' id='word_1_141' title='bbox 2636 1820 2841 1895; x_wconf 77' lang='lat' dir='ltr'>prout.</span> 
     </span>
     <span class='ocr_line' id='line_1_16' title="bbox 548 1899 2840 1986; baseline -0.001 -20"><span class='ocrx_word' id='word_1_142' title='bbox 548 1908 854 1986; x_wconf 88' lang='lat' dir='ltr'>compert.</span> <span class='ocrx_word' id='word_1_143' title='bbox 904 1902 1118 1965; x_wconf 86' lang='lat' dir='ltr'>fuerat</span> <span class='ocrx_word' id='word_1_144' title='bbox 1170 1901 1240 1963; x_wconf 90' lang='lat' dir='ltr'>in</span> <span class='ocrx_word' id='word_1_145' title='bbox 1287 1900 1622 1983; x_wconf 82' lang='lat' dir='ltr'>presencia</span> <span class='ocrx_word' id='word_1_146' title='bbox 1674 1900 1842 1964; x_wconf 90' lang='lat' dir='ltr'>dom.</span> <span class='ocrx_word' id='word_1_147' title='bbox 1887 1899 2125 1963; x_wconf 84' lang='lat' dir='ltr'>Prioris</span> <span class='ocrx_word' id='word_1_148' title='bbox 2173 1900 2243 1963; x_wconf 89' lang='lat' dir='ltr'>in</span> <span class='ocrx_word' id='word_1_149' title='bbox 2282 1900 2567 1964; x_wconf 88' lang='lat' dir='ltr'>secundo</span> <span class='ocrx_word' id='word_1_150' title='bbox 2614 1909 2840 1964; x_wconf 88' lang='lat' dir='ltr'>turmo</span> 
     </span>
     <span class='ocr_line' id='line_1_17' title="bbox 548 1987 1525 2070; baseline 0 -19"><span class='ocrx_word' id='word_1_151' title='bbox 548 1990 741 2052; x_wconf 83' lang='lat' dir='ltr'>halm.</span> <span class='ocrx_word' id='word_1_152' title='bbox 777 2006 900 2052; x_wconf 80' lang='lat' dir='ltr'>A.D.</span> <span class='ocrx_word' id='word_1_153' title='bbox 936 1998 1053 2053; x_wconf 88' lang='lat' dir='ltr'>etc.</span> <span class='ocrx_word' id='word_1_154' title='bbox 1086 1989 1276 2051; x_wconf 83' lang='lat' dir='ltr'><strong>lxxv⁰</strong></span> <span class='ocrx_word' id='word_1_155' title='bbox 1307 1987 1525 2070; x_wconf 83' lang='lat' dir='ltr'>liiijs.1</span> 
     </span>
    </p>

    <p class='ocr_par' dir='ltr' id='par_1_4' title="bbox 548 2072 2844 2331">
     <span class='ocr_line' id='line_1_18' title="bbox 643 2072 2844 2157; baseline 0 -20"><span class='ocrx_word' id='word_1_156' title='bbox 643 2082 763 2139; x_wconf 86' lang='grc'>137</span> <span class='ocrx_word' id='word_1_157' title='bbox 772 2082 825 2138; x_wconf 91' lang='grc'>9.</span> <span class='ocrx_word' id='word_1_158' title='bbox 887 2074 1231 2157; x_wconf 89' lang='lat' dir='ltr'>I.—Apud</span> <span class='ocrx_word' id='word_1_159' title='bbox 1283 2075 1683 2156; x_wconf 85' lang='lat' dir='ltr'>Estraynton</span> <span class='ocrx_word' id='word_1_160' title='bbox 1742 2094 1955 2137; x_wconf 90' lang='lat' dir='ltr'>coram</span> <span class='ocrx_word' id='word_1_161' title='bbox 2002 2074 2304 2137; x_wconf 86' lang='lat' dir='ltr'>Dominis</span> <span class='ocrx_word' id='word_1_162' title='bbox 2356 2072 2699 2138; x_wconf 87' lang='lat' dir='ltr'>Willelmo</span> <span class='ocrx_word' id='word_1_163' title='bbox 2757 2073 2844 2139; x_wconf 87' lang='lat' dir='ltr'>de</span> 
     </span>
     <span class='ocr_line' id='line_1_19' title="bbox 548 2161 2843 2245; baseline 0 -20"><span class='ocrx_word' id='word_1_164' title='bbox 548 2162 843 2244; x_wconf 74' lang='lat' dir='ltr'>Aslakby</span> <span class='ocrx_word' id='word_1_165' title='bbox 874 2169 1007 2238; x_wconf 65' lang='lat' dir='ltr'>ter„</span> <span class='ocrx_word' id='word_1_166' title='bbox 1055 2162 1300 2225; x_wconf 87' lang='lat' dir='ltr'>Thoma</span> <span class='ocrx_word' id='word_1_167' title='bbox 1345 2162 1617 2242; x_wconf 83' lang='lat' dir='ltr'>Surtays</span> <span class='ocrx_word' id='word_1_168' title='bbox 1662 2181 1811 2235; x_wconf 69' lang='lat' dir='ltr'>sen„</span> <span class='ocrx_word' id='word_1_169' title='bbox 1843 2169 1910 2225; x_wconf 89' lang='lat' dir='ltr'>et</span> <span class='ocrx_word' id='word_1_170' title='bbox 1954 2162 2201 2225; x_wconf 79' lang='lat' dir='ltr'>Thonia</span> <span class='ocrx_word' id='word_1_171' title='bbox 2244 2162 2443 2245; x_wconf 80' lang='lat' dir='ltr'>Legat</span> <span class='ocrx_word' id='word_1_172' title='bbox 2488 2162 2685 2239; x_wconf 65' lang='lat' dir='ltr'>bura,</span> <span class='ocrx_word' id='word_1_173' title='bbox 2732 2161 2843 2226; x_wconf 87' lang='lat' dir='ltr'>die</span> 
     </span>
     <span class='ocr_line' id='line_1_20' title="bbox 551 2247 2075 2331; baseline -0.001 -19"><span class='ocrx_word' id='word_1_174' title='bbox 551 2248 783 2312; x_wconf 82' lang='lat' dir='ltr'>Martis</span> <span class='ocrx_word' id='word_1_175' title='bbox 813 2268 988 2330; x_wconf 84' lang='lat' dir='ltr'>prox.</span> <span class='ocrx_word' id='word_1_176' title='bbox 1020 2257 1168 2331; x_wconf 84' lang='lat' dir='ltr'>post</span> <span class='ocrx_word' id='word_1_177' title='bbox 1191 2249 1430 2311; x_wconf 84' lang='lat' dir='ltr'>festum</span> <span class='ocrx_word' id='word_1_178' title='bbox 1463 2248 1612 2311; x_wconf 88' lang='lat' dir='ltr'>Nat.</span> <span class='ocrx_word' id='word_1_179' title='bbox 1647 2248 1706 2311; x_wconf 89' lang='lat' dir='ltr'>S.</span> <span class='ocrx_word' id='word_1_180' title='bbox 1738 2249 1781 2310; x_wconf 84' lang='lat' dir='ltr'><strong>J</strong></span> <span class='ocrx_word' id='word_1_181' title='bbox 1787 2247 2075 2312; x_wconf 82' lang='lat' dir='ltr'>ohannis.</span> 
     </span>
    </p>

    <p class='ocr_par' dir='ltr' id='par_1_5' title="bbox 549 2335 2847 2679">
     <span class='ocr_line' id='line_1_21' title="bbox 638 2335 2847 2419; baseline 0.001 -22"><span class='ocrx_word' id='word_1_182' title='bbox 638 2335 1005 2399; x_wconf 77' lang='lat' dir='ltr'>HESILDEN.</span> <span class='ocrx_word' id='word_1_183' title='bbox 1075 2336 1177 2398; x_wconf 92' lang='lat' dir='ltr'>De</span> <span class='ocrx_word' id='word_1_184' title='bbox 1201 2335 1381 2398; x_wconf 87' lang='lat' dir='ltr'>Will.</span> <span class='ocrx_word' id='word_1_185' title='bbox 1406 2338 1688 2398; x_wconf 75' lang='lat' dir='ltr'>Curi-our</span> <span class='ocrx_word' id='word_1_186' title='bbox 1710 2341 1776 2398; x_wconf 90' lang='lat' dir='ltr'>et</span> <span class='ocrx_word' id='word_1_187' title='bbox 1798 2335 1839 2399; x_wconf 83' lang='lat' dir='ltr'>J</span> <span class='ocrx_word' id='word_1_188' title='bbox 1846 2336 1945 2398; x_wconf 88' lang='lat' dir='ltr'>oh.</span> <span class='ocrx_word' id='word_1_189' title='bbox 1972 2336 2052 2399; x_wconf 91' lang='lat' dir='ltr'>de</span> <span class='ocrx_word' id='word_1_190' title='bbox 2076 2337 2401 2419; x_wconf 86' lang='lat' dir='ltr'>Raynton‚</span> <span class='ocrx_word' id='word_1_191' title='bbox 2424 2355 2538 2417; x_wconf 89' lang='lat' dir='ltr'>pro</span> <span class='ocrx_word' id='word_1_192' title='bbox 2568 2342 2847 2417; x_wconf 81' lang='lat' dir='ltr'>pastura</span> 
     </span>
     <span class='ocr_line' id='line_1_22' title="bbox 549 2421 2845 2505; baseline 0.001 -22"><span class='ocrx_word' id='word_1_193' title='bbox 549 2422 903 2504; x_wconf 76' lang='lat' dir='ltr'>pertinenti</span> <span class='ocrx_word' id='word_1_194' title='bbox 961 2422 1007 2505; x_wconf 87' lang='lat' dir='ltr'>ij</span> <span class='ocrx_word' id='word_1_195' title='bbox 1071 2421 1260 2484; x_wconf 92' lang='lat' dir='ltr'>bond.</span> <span class='ocrx_word' id='word_1_196' title='bbox 1324 2422 1407 2485; x_wconf 78' lang='lat' dir='ltr'>Is,</span> <span class='ocrx_word' id='word_1_197' title='bbox 1458 2422 1662 2485; x_wconf 87' lang='lat' dir='ltr'>relict.</span> <span class='ocrx_word' id='word_1_198' title='bbox 1720 2422 1856 2487; x_wconf 89' lang='lat' dir='ltr'>Ric.</span> <span class='ocrx_word' id='word_1_199' title='bbox 1912 2423 1996 2486; x_wconf 81' lang='lat' dir='ltr'>fiL</span> <span class='ocrx_word' id='word_1_200' title='bbox 2060 2423 2350 2497; x_wconf 75' lang='lat' dir='ltr'>Walteri,</span> <span class='ocrx_word' id='word_1_201' title='bbox 2382 2423 2655 2485; x_wconf 84' lang='lat' dir='ltr'>dimissa</span> <span class='ocrx_word' id='word_1_202' title='bbox 2718 2423 2845 2486; x_wconf 89' lang='lat' dir='ltr'>hoc</span> 
     </span>
     <span class='ocr_line' id='line_1_23' title="bbox 551 2508 2843 2593; baseline 0.001 -21"><span class='ocrx_word' id='word_1_203' title='bbox 551 2529 720 2572; x_wconf 74' lang='lat' dir='ltr'>anno</span> <span class='ocrx_word' id='word_1_204' title='bbox 764 2508 900 2591; x_wconf 84' lang='lat' dir='ltr'>iiij⁸.</span> <span class='ocrx_word' id='word_1_205' title='bbox 992 2509 1094 2572; x_wconf 93' lang='lat' dir='ltr'>De</span> <span class='ocrx_word' id='word_1_206' title='bbox 1138 2509 1182 2572; x_wconf 84' lang='lat' dir='ltr'>J</span> <span class='ocrx_word' id='word_1_207' title='bbox 1188 2509 1285 2572; x_wconf 90' lang='lat' dir='ltr'>oh.</span> <span class='ocrx_word' id='word_1_208' title='bbox 1323 2510 1614 2585; x_wconf 83' lang='lat' dir='ltr'>Matther</span> <span class='ocrx_word' id='word_1_209' title='bbox 1658 2530 1774 2591; x_wconf 87' lang='lat' dir='ltr'>pro</span> <span class='ocrx_word' id='word_1_210' title='bbox 1820 2510 2030 2574; x_wconf 84' lang='lat' dir='ltr'>friscis</span> <span class='ocrx_word' id='word_1_211' title='bbox 2067 2511 2434 2593; x_wconf 88' lang='lat' dir='ltr'>jacentibus</span> <span class='ocrx_word' id='word_1_212' title='bbox 2475 2510 2547 2571; x_wconf 86' lang='lat' dir='ltr'>in</span> <span class='ocrx_word' id='word_1_213' title='bbox 2580 2518 2843 2575; x_wconf 81' lang='lat' dir='ltr'>warect.</span> 
     </span>
     <span class='ocr_line' id='line_1_24' title="bbox 549 2595 1794 2679; baseline 0.002 -22"><span class='ocrx_word' id='word_1_214' title='bbox 549 2595 1025 2679; x_wconf 82' lang='lat' dir='ltr'>pertinentibus</span> <span class='ocrx_word' id='word_1_215' title='bbox 1055 2596 1246 2679; x_wconf 85' lang='lat' dir='ltr'>praed.</span> <span class='ocrx_word' id='word_1_216' title='bbox 1280 2595 1468 2658; x_wconf 88' lang='lat' dir='ltr'>bond.</span> <span class='ocrx_word' id='word_1_217' title='bbox 1501 2597 1615 2678; x_wconf 86' lang='lat' dir='ltr'>ijs.</span> <span class='ocrx_word' id='word_1_218' title='bbox 1649 2597 1712 2678; x_wconf 84' lang='lat' dir='ltr'>vj</span> <span class='ocrx_word' id='word_1_219' title='bbox 1735 2596 1794 2659; x_wconf 92' lang='lat' dir='ltr'>d.</span> 
     </span>
    </p>

    <p class='ocr_par' dir='ltr' id='par_1_6' title="bbox 642 2682 2844 2767">
     <span class='ocr_line' id='line_1_25' title="bbox 642 2682 2844 2767; baseline 0 -21"><span class='ocrx_word' id='word_1_220' title='bbox 642 2683 1173 2746; x_wconf 74' lang='lat' dir='ltr'>WESTRAYNTON.</span> <span class='ocrx_word' id='word_1_221' title='bbox 1265 2682 1648 2765; x_wconf 87' lang='lat' dir='ltr'>Injunctum</span> <span class='ocrx_word' id='word_1_222' title='bbox 1709 2693 1808 2746; x_wconf 88' lang='lat' dir='ltr'>est</span> <span class='ocrx_word' id='word_1_223' title='bbox 1868 2683 2169 2747; x_wconf 85' lang='lat' dir='ltr'>omnibus</span> <span class='ocrx_word' id='word_1_224' title='bbox 2227 2689 2355 2747; x_wconf 88' lang='lat' dir='ltr'>ten.</span> <span class='ocrx_word' id='word_1_225' title='bbox 2420 2683 2601 2747; x_wconf 84' lang='lat' dir='ltr'>villae</span> <span class='ocrx_word' id='word_1_226' title='bbox 2662 2683 2844 2767; x_wconf 90' lang='lat' dir='ltr'>quod</span> 
     </span>
    </p>
   </div>
   <div class='ocr_carea' id='block_1_3' title="bbox 454 2769 2516 2853">
    <p class='ocr_par' dir='ltr' id='par_1_7' title="bbox 454 2769 2516 2853">
     <span class='ocr_line' id='line_1_26' title="bbox 454 2769 2516 2853; baseline 0.002 -25"><span class='ocrx_word' id='word_1_227' title='bbox 454 2819 464 2828; x_wconf 91' lang='lat'><strong>.</strong></span> <span class='ocrx_word' id='word_1_228' title='bbox 553 2771 749 2834; x_wconf 83' lang='lat' dir='ltr'>arrari</span> <span class='ocrx_word' id='word_1_229' title='bbox 780 2771 1021 2834; x_wconf 87' lang='lat' dir='ltr'>faciant</span> <span class='ocrx_word' id='word_1_230' title='bbox 1050 2770 1144 2834; x_wconf 86' lang='lat' dir='ltr'>les</span> <span class='ocrx_word' id='word_1_231' title='bbox 1177 2770 1343 2852; x_wconf 78' lang='lat' dir='ltr'>Leys</span> <span class='ocrx_word' id='word_1_232' title='bbox 1374 2777 1579 2833; x_wconf 87' lang='lat' dir='ltr'>vocat.</span> <span class='ocrx_word' id='word_1_233' title='bbox 1614 2770 1961 2846; x_wconf 84' lang='lat' dir='ltr'>Hudsmer‚</span> <span class='ocrx_word' id='word_1_234' title='bbox 1991 2772 2113 2834; x_wconf 84' lang='lat' dir='ltr'>sub</span> <span class='ocrx_word' id='word_1_235' title='bbox 2145 2791 2336 2853; x_wconf 81' lang='lat' dir='ltr'>poena</span> <span class='ocrx_word' id='word_1_236' title='bbox 2366 2769 2437 2833; x_wconf 84' lang='lat' dir='ltr'>xl</span> <span class='ocrx_word' id='word_1_237' title='bbox 2456 2770 2516 2833; x_wconf 91' lang='lat' dir='ltr'>d.</span> 
     </span>
    </p>
   </div>
   <div class='ocr_carea' id='block_1_4' title="bbox 553 2857 2853 3985">
    <p class='ocr_par' dir='ltr' id='par_1_8' title="bbox 553 2857 2853 3811">
     <span class='ocr_line' id='line_1_27' title="bbox 642 2857 2847 2940; baseline 0 -18"><span class='ocrx_word' id='word_1_238' title='bbox 642 2859 1048 2922; x_wconf 67' lang='lat' dir='ltr'>MORESLAW.</span> <span class='ocrx_word' id='word_1_239' title='bbox 1138 2857 1286 2921; x_wconf 78' lang='lat' dir='ltr'>Joh.</span> <span class='ocrx_word' id='word_1_240' title='bbox 1342 2857 1480 2920; x_wconf 88' lang='lat' dir='ltr'>Lile</span> <span class='ocrx_word' id='word_1_241' title='bbox 1533 2858 1890 2939; x_wconf 79' lang='lat' dir='ltr'>asportavit</span> <span class='ocrx_word' id='word_1_242' title='bbox 1934 2859 1980 2940; x_wconf 88' lang='lat' dir='ltr'>ij</span> <span class='ocrx_word' id='word_1_243' title='bbox 2032 2857 2354 2940; x_wconf 84' lang='lat' dir='ltr'>coppelles</span> <span class='ocrx_word' id='word_1_244' title='bbox 2406 2857 2489 2921; x_wconf 90' lang='lat' dir='ltr'>de</span> <span class='ocrx_word' id='word_1_245' title='bbox 2548 2857 2704 2921; x_wconf 84' lang='lat' dir='ltr'>siles</span> <span class='ocrx_word' id='word_1_246' title='bbox 2761 2858 2847 2923; x_wconf 90' lang='lat' dir='ltr'>de</span> 
     </span>
     <span class='ocr_line' id='line_1_28' title="bbox 553 2943 2847 3029; baseline 0 -21"><span class='ocrx_word' id='word_1_247' title='bbox 553 2954 784 3009; x_wconf 87' lang='lat' dir='ltr'>tenura</span> <span class='ocrx_word' id='word_1_248' title='bbox 836 2945 1164 3029; x_wconf 85' lang='lat' dir='ltr'>quondam</span> <span class='ocrx_word' id='word_1_249' title='bbox 1216 2944 1397 3007; x_wconf 84' lang='lat' dir='ltr'>Will.</span> <span class='ocrx_word' id='word_1_250' title='bbox 1428 2943 1508 3006; x_wconf 89' lang='lat' dir='ltr'>de</span> <span class='ocrx_word' id='word_1_251' title='bbox 1556 2944 1859 3007; x_wconf 86' lang='lat' dir='ltr'>Suthwik</span> <span class='ocrx_word' id='word_1_252' title='bbox 1905 2965 2112 3028; x_wconf 86' lang='lat' dir='ltr'>usque</span> <span class='ocrx_word' id='word_1_253' title='bbox 2157 2945 2555 3026; x_wconf 85' lang='lat' dir='ltr'>Estraynton</span> <span class='ocrx_word' id='word_1_254' title='bbox 2603 2945 2689 3007; x_wconf 86' lang='lat' dir='ltr'>ad</span> <span class='ocrx_word' id='word_1_255' title='bbox 2736 2965 2847 3009; x_wconf 87' lang='lat' dir='ltr'>co-</span> 
     </span>
     <span class='ocr_line' id='line_1_29' title="bbox 554 3030 2851 3115; baseline 0 -20"><span class='ocrx_word' id='word_1_256' title='bbox 554 3033 820 3096; x_wconf 88' lang='lat' dir='ltr'>modum</span> <span class='ocrx_word' id='word_1_257' title='bbox 867 3053 1057 3096; x_wconf 85' lang='lat' dir='ltr'>suum</span> <span class='ocrx_word' id='word_1_258' title='bbox 1111 3052 1318 3115; x_wconf 79' lang='lat' dir='ltr'>usque</span> <span class='ocrx_word' id='word_1_259' title='bbox 1369 3030 1452 3093; x_wconf 86' lang='lat' dir='ltr'>ad</span> <span class='ocrx_word' id='word_1_260' title='bbox 1502 3031 1772 3094; x_wconf 85' lang='lat' dir='ltr'>liberam</span> <span class='ocrx_word' id='word_1_261' title='bbox 1818 3042 2053 3094; x_wconf 84' lang='lat' dir='ltr'>terram</span> <span class='ocrx_word' id='word_1_262' title='bbox 2100 3032 2239 3095; x_wconf 85' lang='lat' dir='ltr'>sine</span> <span class='ocrx_word' id='word_1_263' title='bbox 2268 3031 2541 3095; x_wconf 88' lang='lat' dir='ltr'>licencia</span> <span class='ocrx_word' id='word_1_264' title='bbox 2571 3032 2851 3109; x_wconf 89' lang='lat' dir='ltr'>domini,</span> 
     </span>
     <span class='ocr_line' id='line_1_30' title="bbox 554 3118 2853 3202; baseline 0.001 -21"><span class='ocrx_word' id='word_1_265' title='bbox 554 3120 700 3183; x_wconf 89' lang='lat' dir='ltr'>ideo</span> <span class='ocrx_word' id='word_1_266' title='bbox 730 3120 966 3183; x_wconf 86' lang='lat' dir='ltr'>attach.</span> <span class='ocrx_word' id='word_1_267' title='bbox 1000 3118 1081 3182; x_wconf 89' lang='lat' dir='ltr'>ad</span> <span class='ocrx_word' id='word_1_268' title='bbox 1106 3140 1285 3202; x_wconf 86' lang='lat' dir='ltr'>prox.</span> <span class='ocrx_word' id='word_1_269' title='bbox 1320 3139 1447 3182; x_wconf 90' lang='lat' dir='ltr'>cur.</span> <span class='ocrx_word' id='word_1_270' title='bbox 1473 3157 1561 3166; x_wconf 90' lang='lat'>—</span> <span class='ocrx_word' id='word_1_271' title='bbox 1583 3118 2000 3201; x_wconf 80' lang='lat' dir='ltr'>Compertum</span> <span class='ocrx_word' id='word_1_272' title='bbox 2047 3129 2145 3181; x_wconf 85' lang='lat' dir='ltr'>est</span> <span class='ocrx_word' id='word_1_273' title='bbox 2190 3139 2304 3201; x_wconf 87' lang='lat' dir='ltr'>per</span> <span class='ocrx_word' id='word_1_274' title='bbox 2339 3119 2464 3200; x_wconf 88' lang='lat' dir='ltr'>jur.</span> <span class='ocrx_word' id='word_1_275' title='bbox 2499 3119 2675 3201; x_wconf 91' lang='lat' dir='ltr'>quod</span> <span class='ocrx_word' id='word_1_276' title='bbox 2706 3140 2853 3183; x_wconf 82' lang='lat' dir='ltr'>una</span> 
     </span>
     <span class='ocr_line' id='line_1_31' title="bbox 553 3205 2849 3289; baseline 0.001 -22"><span class='ocrx_word' id='word_1_277' title='bbox 553 3207 835 3289; x_wconf 76' lang='lat' dir='ltr'>grangia,</span> <span class='ocrx_word' id='word_1_278' title='bbox 866 3206 1192 3288; x_wconf 85' lang='lat' dir='ltr'>quondam</span> <span class='ocrx_word' id='word_1_279' title='bbox 1225 3206 1296 3267; x_wconf 89' lang='lat' dir='ltr'>in</span> <span class='ocrx_word' id='word_1_280' title='bbox 1326 3214 1558 3271; x_wconf 86' lang='lat' dir='ltr'>tenura</span> <span class='ocrx_word' id='word_1_281' title='bbox 1589 3207 1835 3268; x_wconf 83' lang='lat' dir='ltr'>Emmae</span> <span class='ocrx_word' id='word_1_282' title='bbox 1882 3207 2100 3268; x_wconf 80' lang='lat' dir='ltr'>uxoris</span> <span class='ocrx_word' id='word_1_283' title='bbox 2132 3205 2237 3269; x_wconf 91' lang='lat' dir='ltr'>del</span> <span class='ocrx_word' id='word_1_284' title='bbox 2268 3206 2521 3280; x_wconf 74' lang='lat' dir='ltr'>VikerS‚</span> <span class='ocrx_word' id='word_1_285' title='bbox 2556 3214 2849 3288; x_wconf 85' lang='lat' dir='ltr'>prostra-</span> 
     </span>
     <span class='ocr_line' id='line_1_32' title="bbox 557 3293 2849 3375; baseline 0 -20"><span class='ocrx_word' id='word_1_286' title='bbox 557 3294 747 3355; x_wconf 88' lang='lat' dir='ltr'>batur</span> <span class='ocrx_word' id='word_1_287' title='bbox 787 3293 857 3353; x_wconf 90' lang='lat' dir='ltr'>in</span> <span class='ocrx_word' id='word_1_288' title='bbox 887 3302 1118 3354; x_wconf 86' lang='lat' dir='ltr'>tenura</span> <span class='ocrx_word' id='word_1_289' title='bbox 1148 3293 1352 3374; x_wconf 84' lang='lat' dir='ltr'>ipsius</span> <span class='ocrx_word' id='word_1_290' title='bbox 1397 3293 1663 3367; x_wconf 83' lang='lat' dir='ltr'>Emmae,</span> <span class='ocrx_word' id='word_1_291' title='bbox 1694 3293 1866 3356; x_wconf 90' lang='lat' dir='ltr'>unde</span> <span class='ocrx_word' id='word_1_292' title='bbox 1910 3313 2198 3375; x_wconf 83' lang='lat' dir='ltr'>grossum</span> <span class='ocrx_word' id='word_1_293' title='bbox 2233 3294 2612 3356; x_wconf 89' lang='lat' dir='ltr'>meremium</span> <span class='ocrx_word' id='word_1_294' title='bbox 2645 3293 2849 3356; x_wconf 88' lang='lat' dir='ltr'>liber-</span> 
     </span>
     <span class='ocr_line' id='line_1_33' title="bbox 556 3378 2853 3462; baseline 0.002 -22"><span class='ocrx_word' id='word_1_295' title='bbox 556 3387 704 3440; x_wconf 87' lang='lat' dir='ltr'>atur</span> <span class='ocrx_word' id='word_1_296' title='bbox 747 3398 861 3460; x_wconf 88' lang='lat' dir='ltr'>per</span> <span class='ocrx_word' id='word_1_297' title='bbox 903 3378 1081 3441; x_wconf 87' lang='lat' dir='ltr'>Will.</span> <span class='ocrx_word' id='word_1_298' title='bbox 1129 3379 1209 3441; x_wconf 91' lang='lat' dir='ltr'>de</span> <span class='ocrx_word' id='word_1_299' title='bbox 1254 3379 1591 3441; x_wconf 83' lang='lat' dir='ltr'>Massham</span> <span class='ocrx_word' id='word_1_300' title='bbox 1638 3387 1851 3442; x_wconf 85' lang='lat' dir='ltr'>terrar.</span> <span class='ocrx_word' id='word_1_301' title='bbox 1899 3380 2171 3443; x_wconf 88' lang='lat' dir='ltr'>diversis</span> <span class='ocrx_word' id='word_1_302' title='bbox 2217 3387 2365 3454; x_wconf 68' lang='lat' dir='ltr'>ten„</span> <span class='ocrx_word' id='word_1_303' title='bbox 2396 3380 2569 3462; x_wconf 89' lang='lat' dir='ltr'>quod</span> <span class='ocrx_word' id='word_1_304' title='bbox 2624 3387 2853 3462; x_wconf 87' lang='lat' dir='ltr'>potest</span> 
     </span>
     <span class='ocr_line' id='line_1_34' title="bbox 554 3463 2852 3553; baseline 0.001 -25"><span class='ocrx_word' id='word_1_305' title='bbox 554 3463 834 3548; x_wconf 85' lang='lat' dir='ltr'>reparari</span> <span class='ocrx_word' id='word_1_306' title='bbox 879 3485 994 3546; x_wconf 89' lang='lat' dir='ltr'>pro</span> <span class='ocrx_word' id='word_1_307' title='bbox 1039 3465 1194 3547; x_wconf 86' lang='lat' dir='ltr'>xxvj</span> <span class='ocrx_word' id='word_1_308' title='bbox 1218 3485 1263 3528; x_wconf 82' lang='lat' dir='ltr'>s,</span> <span class='ocrx_word' id='word_1_309' title='bbox 1309 3467 1419 3548; x_wconf 86' lang='lat' dir='ltr'>viij</span> <span class='ocrx_word' id='word_1_310' title='bbox 1446 3466 1522 3540; x_wconf 87' lang='lat' dir='ltr'>d.,</span> <span class='ocrx_word' id='word_1_311' title='bbox 1555 3467 1726 3529; x_wconf 90' lang='lat' dir='ltr'>unde</span> <span class='ocrx_word' id='word_1_312' title='bbox 1771 3466 1964 3549; x_wconf 83' lang='lat' dir='ltr'>praed.</span> <span class='ocrx_word' id='word_1_313' title='bbox 2010 3467 2221 3530; x_wconf 86' lang='lat' dir='ltr'>Adam</span> <span class='ocrx_word' id='word_1_314' title='bbox 2265 3466 2374 3529; x_wconf 91' lang='lat' dir='ltr'>del</span> <span class='ocrx_word' id='word_1_315' title='bbox 2402 3466 2665 3529; x_wconf 79' lang='lat' dir='ltr'>Wikers</span> <span class='ocrx_word' id='word_1_316' title='bbox 2697 3464 2852 3553; x_wconf 77' lang='lat' dir='ltr'>[sic]</span> 
     </span>
     <span class='ocr_line' id='line_1_35' title="bbox 555 3551 2849 3637; baseline 0.001 -22"><span class='ocrx_word' id='word_1_317' title='bbox 555 3551 1005 3635; x_wconf 84' lang='lat' dir='ltr'>respondebit3</span> <span class='ocrx_word' id='word_1_318' title='bbox 1051 3559 1117 3615; x_wconf 88' lang='lat' dir='ltr'>et</span> <span class='ocrx_word' id='word_1_319' title='bbox 1146 3572 1340 3634; x_wconf 83' lang='lat' dir='ltr'>super</span> <span class='ocrx_word' id='word_1_320' title='bbox 1382 3553 1504 3615; x_wconf 90' lang='lat' dir='ltr'>hoc</span> <span class='ocrx_word' id='word_1_321' title='bbox 1534 3553 1726 3635; x_wconf 81' lang='lat' dir='ltr'>praed.</span> <span class='ocrx_word' id='word_1_322' title='bbox 1761 3554 1974 3616; x_wconf 89' lang='lat' dir='ltr'>Adam</span> <span class='ocrx_word' id='word_1_323' title='bbox 2007 3554 2340 3637; x_wconf 84' lang='lat' dir='ltr'>injunctus</span> <span class='ocrx_word' id='word_1_324' title='bbox 2373 3554 2498 3615; x_wconf 86' lang='lat' dir='ltr'>fuit</span> <span class='ocrx_word' id='word_1_325' title='bbox 2526 3553 2610 3616; x_wconf 90' lang='lat' dir='ltr'>ad</span> <span class='ocrx_word' id='word_1_326' title='bbox 2641 3554 2849 3617; x_wconf 86' lang='lat' dir='ltr'>aedifi-</span> 
     </span>
     <span class='ocr_line' id='line_1_36' title="bbox 555 3639 2850 3723; baseline 0.001 -19"><span class='ocrx_word' id='word_1_327' title='bbox 555 3640 734 3704; x_wconf 86' lang='lat' dir='ltr'>cand.</span> <span class='ocrx_word' id='word_1_328' title='bbox 769 3639 959 3723; x_wconf 86' lang='lat' dir='ltr'>praed.</span> <span class='ocrx_word' id='word_1_329' title='bbox 1004 3639 1334 3722; x_wconf 77' lang='lat' dir='ltr'>grangiam</span> <span class='ocrx_word' id='word_1_330' title='bbox 1380 3641 1459 3703; x_wconf 92' lang='lat' dir='ltr'>de</span> <span class='ocrx_word' id='word_1_331' title='bbox 1505 3641 1809 3703; x_wconf 88' lang='lat' dir='ltr'>meremio</span> <span class='ocrx_word' id='word_1_332' title='bbox 1854 3641 2101 3704; x_wconf 91' lang='lat' dir='ltr'>domini</span> <span class='ocrx_word' id='word_1_333' title='bbox 2147 3641 2226 3704; x_wconf 92' lang='lat' dir='ltr'>de</span> <span class='ocrx_word' id='word_1_334' title='bbox 2270 3641 2339 3721; x_wconf 85' lang='lat' dir='ltr'>iij</span> <span class='ocrx_word' id='word_1_335' title='bbox 2388 3640 2714 3723; x_wconf 87' lang='lat' dir='ltr'>coppelles</span> <span class='ocrx_word' id='word_1_336' title='bbox 2760 3641 2850 3706; x_wconf 87' lang='lat' dir='ltr'>de</span> 
     </span>
     <span class='ocr_line' id='line_1_37' title="bbox 557 3726 2520 3811; baseline -0.001 -21"><span class='ocrx_word' id='word_1_337' title='bbox 557 3728 710 3791; x_wconf 88' lang='lat' dir='ltr'>ciles</span> <span class='ocrx_word' id='word_1_338' title='bbox 742 3726 882 3810; x_wconf 77' lang='lat' dir='ltr'>[sic]</span> <span class='ocrx_word' id='word_1_339' title='bbox 913 3726 1085 3790; x_wconf 84' lang='lat' dir='ltr'>infra</span> <span class='ocrx_word' id='word_1_340' title='bbox 1115 3747 1318 3789; x_wconf 88' lang='lat' dir='ltr'>uuum</span> <span class='ocrx_word' id='word_1_341' title='bbox 1351 3748 1599 3789; x_wconf 87' lang='lat' dir='ltr'>annum</span> <span class='ocrx_word' id='word_1_342' title='bbox 1630 3748 1808 3811; x_wconf 87' lang='lat' dir='ltr'>prox.</span> <span class='ocrx_word' id='word_1_343' title='bbox 1842 3728 1979 3802; x_wconf 66' lang='lat' dir='ltr'>fut„</span> <span class='ocrx_word' id='word_1_344' title='bbox 2010 3729 2134 3791; x_wconf 82' lang='lat' dir='ltr'>sub</span> <span class='ocrx_word' id='word_1_345' title='bbox 2163 3748 2356 3810; x_wconf 83' lang='lat' dir='ltr'>poena</span> <span class='ocrx_word' id='word_1_346' title='bbox 2387 3727 2453 3789; x_wconf 81' lang='lat' dir='ltr'>xl</span> <span class='ocrx_word' id='word_1_347' title='bbox 2473 3748 2520 3791; x_wconf 87' lang='lat' dir='ltr'>s.</span> 
     </span>
    </p>

    <p class='ocr_par' dir='ltr' id='par_1_9' title="bbox 555 3814 2850 3985">
     <span class='ocr_line' id='line_1_38' title="bbox 643 3814 2850 3896; baseline 0.001 -19"><span class='ocrx_word' id='word_1_348' title='bbox 643 3815 1089 3878; x_wconf 61' lang='lat' dir='ltr'>PlerNGToN.</span> <span class='ocrx_word' id='word_1_349' title='bbox 1209 3814 1589 3896; x_wconf 84' lang='lat' dir='ltr'>Injunctum</span> <span class='ocrx_word' id='word_1_350' title='bbox 1666 3822 1765 3878; x_wconf 80' lang='lat' dir='ltr'>est</span> <span class='ocrx_word' id='word_1_351' title='bbox 1838 3816 2138 3878; x_wconf 87' lang='lat' dir='ltr'>omnibus</span> <span class='ocrx_word' id='word_1_352' title='bbox 2214 3824 2340 3878; x_wconf 87' lang='lat' dir='ltr'>ten.</span> <span class='ocrx_word' id='word_1_353' title='bbox 2418 3814 2593 3877; x_wconf 80' lang='lat' dir='ltr'>villae</span> <span class='ocrx_word' id='word_1_354' title='bbox 2664 3814 2850 3896; x_wconf 88' lang='lat' dir='ltr'>quod</span> 
     </span>
     <span class='ocr_line' id='line_1_39' title="bbox 555 3901 2849 3985; baseline 0 -21"><span class='ocrx_word' id='word_1_355' title='bbox 555 3903 822 3964; x_wconf 87' lang='lat' dir='ltr'>veniant</span> <span class='ocrx_word' id='word_1_356' title='bbox 843 3902 924 3964; x_wconf 86' lang='lat' dir='ltr'>ad</span> <span class='ocrx_word' id='word_1_357' title='bbox 944 3902 1510 3984; x_wconf 86' lang='lat' dir='ltr'>praemunicionem</span> <span class='ocrx_word' id='word_1_358' title='bbox 1538 3902 1866 3984; x_wconf 74' lang='lat' dir='ltr'>praepositi</span> <span class='ocrx_word' id='word_1_359' title='bbox 1890 3902 1970 3965; x_wconf 84' lang='lat' dir='ltr'>ad</span> <span class='ocrx_word' id='word_1_360' title='bbox 1991 3901 2321 3965; x_wconf 87' lang='lat' dir='ltr'>ordinand.</span> <span class='ocrx_word' id='word_1_361' title='bbox 2342 3922 2456 3985; x_wconf 90' lang='lat' dir='ltr'>pro</span> <span class='ocrx_word' id='word_1_362' title='bbox 2480 3901 2849 3965; x_wconf 89' lang='lat' dir='ltr'>communi-</span> 
     </span>
    </p>
   </div>
   <div class='ocr_carea' id='block_1_5' title="bbox 551 4070 2851 4462">
    <p class='ocr_par' dir='ltr' id='par_1_10' title="bbox 551 4070 2851 4462">
     <span class='ocr_line' id='line_1_40' title="bbox 621 4070 2849 4140; baseline 0.002 -18"><span class='ocrx_word' id='word_1_363' title='bbox 621 4071 638 4102; x_wconf 90' lang='lat'>¹</span> <span class='ocrx_word' id='word_1_364' title='bbox 674 4071 787 4123; x_wconf 86' lang='lat' dir='ltr'>The</span> <span class='ocrx_word' id='word_1_365' title='bbox 820 4070 951 4122; x_wconf 81' lang='lat' dir='ltr'>fines</span> <span class='ocrx_word' id='word_1_366' title='bbox 982 4072 1068 4123; x_wconf 86' lang='lat' dir='ltr'>for</span> <span class='ocrx_word' id='word_1_367' title='bbox 1099 4073 1294 4123; x_wconf 85' lang='lat' dir='ltr'>breach</span> <span class='ocrx_word' id='word_1_368' title='bbox 1319 4074 1374 4125; x_wconf 80' lang='lat' dir='ltr'>of</span> <span class='ocrx_word' id='word_1_369' title='bbox 1405 4074 1572 4123; x_wconf 80' lang='lat' dir='ltr'>assize</span> <span class='ocrx_word' id='word_1_370' title='bbox 1596 4074 1652 4123; x_wconf 81' lang='lat' dir='ltr'>of</span> <span class='ocrx_word' id='word_1_371' title='bbox 1683 4072 1767 4123; x_wconf 84' lang='lat' dir='ltr'>ale</span> <span class='ocrx_word' id='word_1_372' title='bbox 1790 4089 1880 4123; x_wconf 82' lang='lat' dir='ltr'>are</span> <span class='ocrx_word' id='word_1_373' title='bbox 1903 4074 2191 4140; x_wconf 77' lang='lat' dir='ltr'>unusually</span> <span class='ocrx_word' id='word_1_374' title='bbox 2213 4090 2499 4125; x_wconf 74' lang='lat' dir='ltr'>numerous</span> <span class='ocrx_word' id='word_1_375' title='bbox 2519 4077 2577 4124; x_wconf 81' lang='lat' dir='ltr'>at</span> <span class='ocrx_word' id='word_1_376' title='bbox 2602 4073 2716 4125; x_wconf 77' lang='lat' dir='ltr'>this</span> <span class='ocrx_word' id='word_1_377' title='bbox 2738 4075 2849 4126; x_wconf 73' lang='lat' dir='ltr'>and</span> 
     </span>
     <span class='ocr_line' id='line_1_41' title="bbox 552 4137 2847 4212; baseline 0.001 -24"><span class='ocrx_word' id='word_1_378' title='bbox 552 4137 648 4188; x_wconf 83' lang='lat' dir='ltr'>the</span> <span class='ocrx_word' id='word_1_379' title='bbox 669 4137 958 4212; x_wconf 77' lang='lat' dir='ltr'>preceding</span> <span class='ocrx_word' id='word_1_380' title='bbox 983 4142 1124 4187; x_wconf 89' lang='lat' dir='ltr'>turn.</span> <span class='ocrx_word' id='word_1_381' title='bbox 1199 4139 1349 4202; x_wconf 85' lang='lat' dir='ltr'>They</span> <span class='ocrx_word' id='word_1_382' title='bbox 1367 4139 1590 4188; x_wconf 88' lang='lat' dir='ltr'>number</span> <span class='ocrx_word' id='word_1_383' title='bbox 1612 4144 1672 4189; x_wconf 83' lang='lat' dir='ltr'>at</span> <span class='ocrx_word' id='word_1_384' title='bbox 1696 4139 1803 4189; x_wconf 79' lang='lat' dir='ltr'>this</span> <span class='ocrx_word' id='word_1_385' title='bbox 1826 4143 1953 4189; x_wconf 88' lang='lat' dir='ltr'>turn</span> <span class='ocrx_word' id='word_1_386' title='bbox 1977 4140 2056 4189; x_wconf 84' lang='lat'>49.</span> <span class='ocrx_word' id='word_1_387' title='bbox 2130 4139 2187 4189; x_wconf 77' lang='lat' dir='ltr'>It</span> <span class='ocrx_word' id='word_1_388' title='bbox 2209 4140 2253 4189; x_wconf 79' lang='lat' dir='ltr'>is</span> <span class='ocrx_word' id='word_1_389' title='bbox 2277 4140 2598 4204; x_wconf 72' lang='lat' dir='ltr'>interesting</span> <span class='ocrx_word' id='word_1_390' title='bbox 2620 4145 2679 4189; x_wconf 79' lang='lat' dir='ltr'>to</span> <span class='ocrx_word' id='word_1_391' title='bbox 2704 4157 2847 4190; x_wconf 81' lang='lat' dir='ltr'>oom-</span> 
     </span>
     <span class='ocr_line' id='line_1_42' title="bbox 592 4201 2850 4269; baseline 0.001 -16"><span class='ocrx_word' id='word_1_392' title='bbox 592 4219 681 4253; x_wconf 86' lang='lat' dir='ltr'>are</span> <span class='ocrx_word' id='word_1_393' title='bbox 705 4203 849 4252; x_wconf 88' lang='lat' dir='ltr'>them</span> <span class='ocrx_word' id='word_1_394' title='bbox 875 4201 1009 4252; x_wconf 79' lang='lat' dir='ltr'>w1th</span> <span class='ocrx_word' id='word_1_395' title='bbox 1034 4203 1128 4253; x_wconf 83' lang='lat' dir='ltr'>the</span> <span class='ocrx_word' id='word_1_396' title='bbox 1149 4210 1433 4267; x_wconf 77' lang='lat' dir='ltr'>payments</span> <span class='ocrx_word' id='word_1_397' title='bbox 1464 4203 1659 4269; x_wconf 84' lang='lat' dir='ltr'>during</span> <span class='ocrx_word' id='word_1_398' title='bbox 1692 4205 1784 4253; x_wconf 89' lang='lat' dir='ltr'>the</span> <span class='ocrx_word' id='word_1_399' title='bbox 1809 4221 1951 4254; x_wconf 76' lang='lat' dir='ltr'>same</span> <span class='ocrx_word' id='word_1_400' title='bbox 1974 4210 2101 4254; x_wconf 89' lang='lat' dir='ltr'>turn</span> <span class='ocrx_word' id='word_1_401' title='bbox 2134 4205 2217 4254; x_wconf 86' lang='lat' dir='ltr'>for</span> <span class='ocrx_word' id='word_1_402' title='bbox 2242 4205 2485 4255; x_wconf 87' lang='lat' dir='ltr'>Merchet</span> <span class='ocrx_word' id='word_1_403' title='bbox 2510 4206 2588 4264; x_wconf 88' lang='lat'>17,</span> <span class='ocrx_word' id='word_1_404' title='bbox 2614 4205 2725 4255; x_wconf 74' lang='lat' dir='ltr'>and</span> <span class='ocrx_word' id='word_1_405' title='bbox 2761 4205 2850 4256; x_wconf 75' lang='lat' dir='ltr'>for</span> 
     </span>
     <span class='ocr_line' id='line_1_43' title="bbox 552 4219 2848 4336; baseline 0.001 -16"><span class='ocrx_word' id='word_1_406' title='bbox 552 4219 794 4332; x_wconf 41' lang='lat' dir='ltr'>ilem-wit</span> <span class='ocrx_word' id='word_1_407' title='bbox 829 4269 906 4317; x_wconf 84' lang='lat'>12.</span> <span class='ocrx_word' id='word_1_408' title='bbox 1004 4268 1104 4318; x_wconf 87' lang='lat' dir='ltr'>We</span> <span class='ocrx_word' id='word_1_409' title='bbox 1139 4268 1274 4317; x_wconf 82' lang='lat' dir='ltr'>have</span> <span class='ocrx_word' id='word_1_410' title='bbox 1309 4286 1377 4318; x_wconf 88' lang='lat' dir='ltr'>uo</span> <span class='ocrx_word' id='word_1_411' title='bbox 1411 4285 1594 4318; x_wconf 79' lang='lat' dir='ltr'>meane</span> <span class='ocrx_word' id='word_1_412' title='bbox 1627 4269 1684 4319; x_wconf 78' lang='lat' dir='ltr'>of</span> <span class='ocrx_word' id='word_1_413' title='bbox 1720 4271 2039 4320; x_wconf 80' lang='lat' dir='ltr'>ascertainin</span> <span class='ocrx_word' id='word_1_414' title='bbox 2117 4286 2251 4320; x_wconf 81' lang='lat' dir='ltr'>even</span> <span class='ocrx_word' id='word_1_415' title='bbox 2283 4270 2715 4336; x_wconf 76' lang='lat' dir='ltr'>approximately</span> <span class='ocrx_word' id='word_1_416' title='bbox 2748 4272 2848 4322; x_wconf 76' lang='lat' dir='ltr'>the</span> 
     </span>
     <span class='ocr_line' id='line_1_44' title="bbox 551 4332 2851 4401; baseline 0.001 -17"><span class='ocrx_word' id='word_1_417' title='bbox 551 4333 865 4401; x_wconf 79' lang='lat' dir='ltr'>population</span> <span class='ocrx_word' id='word_1_418' title='bbox 898 4332 955 4383; x_wconf 78' lang='lat' dir='ltr'>of</span> <span class='ocrx_word' id='word_1_419' title='bbox 985 4333 1078 4383; x_wconf 89' lang='lat' dir='ltr'>the</span> <span class='ocrx_word' id='word_1_420' title='bbox 1111 4335 1316 4382; x_wconf 81' lang='lat' dir='ltr'>several</span> <span class='ocrx_word' id='word_1_421' title='bbox 1353 4334 1490 4394; x_wconf 70' lang='lat' dir='ltr'>ville,</span> <span class='ocrx_word' id='word_1_422' title='bbox 1517 4335 1799 4384; x_wconf 78' lang='lat' dir='ltr'>otherwise</span> <span class='ocrx_word' id='word_1_423' title='bbox 1833 4351 1913 4385; x_wconf 77' lang='lat' dir='ltr'>we</span> <span class='ocrx_word' id='word_1_424' title='bbox 1946 4337 2055 4400; x_wconf 87' lang='lat' dir='ltr'>mig</span> <span class='ocrx_word' id='word_1_425' title='bbox 2094 4340 2119 4384; x_wconf 84' lang='lat' dir='ltr'>t</span> <span class='ocrx_word' id='word_1_426' title='bbox 2151 4335 2290 4385; x_wconf 84' lang='lat' dir='ltr'>form</span> <span class='ocrx_word' id='word_1_427' title='bbox 2324 4352 2468 4385; x_wconf 73' lang='lat' dir='ltr'>some</span> <span class='ocrx_word' id='word_1_428' title='bbox 2502 4336 2625 4385; x_wconf 77' lang='lat' dir='ltr'>idea</span> <span class='ocrx_word' id='word_1_429' title='bbox 2657 4336 2717 4385; x_wconf 76' lang='lat' dir='ltr'>of</span> <span class='ocrx_word' id='word_1_430' title='bbox 2750 4336 2851 4388; x_wconf 78' lang='lat' dir='ltr'>tho</span> 
     </span>
     <span class='ocr_line' id='line_1_45' title="bbox 552 4398 2841 4462; baseline 0.001 -13"><span class='ocrx_word' id='word_1_431' title='bbox 552 4405 694 4449; x_wconf 79' lang='lat' dir='ltr'>etate</span> <span class='ocrx_word' id='word_1_432' title='bbox 734 4400 791 4448; x_wconf 76' lang='lat' dir='ltr'>of</span> <span class='ocrx_word' id='word_1_433' title='bbox 834 4398 1084 4461; x_wconf 80' lang='lat' dir='ltr'>morality</span> <span class='ocrx_word' id='word_1_434' title='bbox 1118 4414 1312 4462; x_wconf 84' lang='lat' dir='ltr'>among</span> <span class='ocrx_word' id='word_1_435' title='bbox 1356 4399 1448 4447; x_wconf 86' lang='lat' dir='ltr'>the</span> <span class='ocrx_word' id='word_1_436' title='bbox 1488 4398 1708 4448; x_wconf 83' lang='lat' dir='ltr'>inferior</span> <span class='ocrx_word' id='word_1_437' title='bbox 1748 4404 1961 4449; x_wconf 78' lang='lat' dir='ltr'>tenante</span> <span class='ocrx_word' id='word_1_438' title='bbox 2001 4400 2058 4449; x_wconf 76' lang='lat' dir='ltr'>of</span> <span class='ocrx_word' id='word_1_439' title='bbox 2101 4400 2195 4450; x_wconf 86' lang='lat' dir='ltr'>the</span> <span class='ocrx_word' id='word_1_440' title='bbox 2230 4401 2385 4451; x_wconf 83' lang='lat' dir='ltr'>Prior</span> <span class='ocrx_word' id='word_1_441' title='bbox 2425 4406 2486 4451; x_wconf 82' lang='lat' dir='ltr'>at</span> <span class='ocrx_word' id='word_1_442' title='bbox 2529 4402 2642 4451; x_wconf 75' lang='lat' dir='ltr'>this</span> <span class='ocrx_word' id='word_1_443' title='bbox 2685 4401 2841 4453; x_wconf 77' lang='lat' dir='ltr'>time.</span> 
     </span>
    </p>
   </div>
   <div class='ocr_carea' id='block_1_6' title="bbox 552 4462 2843 4590">
    <p class='ocr_par' dir='ltr' id='par_1_11' title="bbox 552 4462 2843 4590">
     <span class='ocr_line' id='line_1_46' title="bbox 552 4462 2843 4528; baseline 0.003 -17"><span class='ocrx_word' id='word_1_444' title='bbox 552 4464 762 4526; x_wconf 83' lang='lat' dir='ltr'>During</span> <span class='ocrx_word' id='word_1_445' title='bbox 794 4462 889 4512; x_wconf 89' lang='lat' dir='ltr'>the</span> <span class='ocrx_word' id='word_1_446' title='bbox 921 4463 1170 4526; x_wconf 83' lang='lat' dir='ltr'>previous</span> <span class='ocrx_word' id='word_1_447' title='bbox 1204 4466 1331 4510; x_wconf 86' lang='lat' dir='ltr'>turn</span> <span class='ocrx_word' id='word_1_448' title='bbox 1366 4463 1457 4511; x_wconf 85' lang='lat' dir='ltr'>the</span> <span class='ocrx_word' id='word_1_449' title='bbox 1492 4463 1743 4513; x_wconf 73' lang='lat' dir='ltr'>numbers</span> <span class='ocrx_word' id='word_1_450' title='bbox 1766 4479 1905 4514; x_wconf 76' lang='lat' dir='ltr'>were</span> <span class='ocrx_word' id='word_1_451' title='bbox 1939 4464 2021 4514; x_wconf 83' lang='lat' dir='ltr'>for</span> <span class='ocrx_word' id='word_1_452' title='bbox 2053 4464 2247 4515; x_wconf 78' lang='lat' dir='ltr'>breach</span> <span class='ocrx_word' id='word_1_453' title='bbox 2281 4466 2338 4515; x_wconf 82' lang='lat' dir='ltr'>of</span> <span class='ocrx_word' id='word_1_454' title='bbox 2370 4466 2534 4515; x_wconf 71' lang='lat' dir='ltr'>assiae</span> <span class='ocrx_word' id='word_1_455' title='bbox 2558 4466 2615 4516; x_wconf 84' lang='lat' dir='ltr'>of</span> <span class='ocrx_word' id='word_1_456' title='bbox 2646 4466 2733 4516; x_wconf 72' lang='lat' dir='ltr'>ale</span> <span class='ocrx_word' id='word_1_457' title='bbox 2754 4470 2843 4528; x_wconf 80' lang='lat'>57,</span> 
     </span>
     <span class='ocr_line' id='line_1_47' title="bbox 554 4525 1238 4590; baseline -0.003 -15"><span class='ocrx_word' id='word_1_458' title='bbox 554 4527 800 4576; x_wconf 75' lang='lat' dir='ltr'>Mei-chet</span> <span class='ocrx_word' id='word_1_459' title='bbox 821 4529 870 4585; x_wconf 81' lang='lat'>4,</span> <span class='ocrx_word' id='word_1_460' title='bbox 899 4525 1138 4590; x_wconf 79' lang='lat' dir='ltr'>Leyrwit</span> <span class='ocrx_word' id='word_1_461' title='bbox 1164 4527 1238 4574; x_wconf 85' lang='lat'>19.</span> 
     </span>
    </p>
   </div>
   <div class='ocr_carea' id='block_1_7' title="bbox 3013 424 3019 1189">
    <p class='ocr_par' dir='ltr' id='par_1_12' title="bbox 3013 424 3019 1189">
     <span class='ocr_line' id='line_1_48' title="bbox 3013 424 3019 1189; baseline 0 0"><span class='ocrx_word' id='word_1_462' title='bbox 3013 424 3019 1189; x_wconf 95' lang='lat' dir='ltr'> </span> 
     </span>
    </p>
   </div>
  </div>
 </body>
</html>
