3042 5034
587 491 668 549 48
1105 499 1424 548 HALMOTA
1453 498 1820 548 PRIORATUS
1849 498 2332 548 DUNEIMRNSIS.
2697 489 2886 549 1365.

584 657 714 722 ten'
758 655 838 721 ad
891 662 1075 721 term„
1117 655 1275 720 vitae
1316 675 1485 721 suae·
1535 655 1711 722 redd.
1757 656 2073 721 scaccario
2123 656 2429 721 Dunelm'
2488 659 2579 723 78.
2641 656 2889 734 611,ae

589 743 733 809 eod.
784 743 1048 808 terrario
1105 742 1407 806 Dnnolm'
1459 744 1575 826 qui
1622 763 1739 827 pro
1796 749 2085 827 tempore
2140 743 2353 809 fuerit.
2441 743 2530 807 Et
2589 743 2888 828 incipiet

586 830 832 895 solvere
874 829 957 894 ad
999 829 1241 893 festum
1270 829 1452 894 Pent,
1497 831 1691 893 Anno
1719 830 1991 894 Domini
2033 835 2153 895 etc.
2194 829 2436 913 lxvijm
2474 829 2662 914 Pleg.
2699 829 2886 914 [etc]

584 917 674 981 Et
694 916 1039 981 aedificabit
1064 936 1264 980 unam
1293 916 1558 980 domum
1585 915 2029 994 sufficientem,
2056 916 2227 980 infra
2253 916 2416 980 duos
2444 936 2684 995 annos,
2716 916 2855 982 de
2833 917 2882 1000 1j

586 1002 777 1086 copul
822 1003 903 1068 de
946 1002 1098 1067 siles
1141 1023 1302 1086 quas
1353 1022 1503 1066 cum
1549 1003 1745 1068 firstis
1797 1009 1865 1067 et
1908 968 2065 1067 ribis
2114 1002 2381 1067 habebit
2422 1002 2505 1067 de
2553 1004 2883 1069 meremio

585 1090 855 1154 Domini
897 1096 965 1155 et
1007 1089 1152 1153 aliis
1194 1089 1681 1173 pertinentibus.
1771 1089 1859 1153 Et
1886 1089 2001 1154 dat
2027 1109 2143 1174 pro
2184 1109 2326 1174 3188
2328 1090 2453 1153 'ma
2487 1089 2676 1155 12d.:
2725 1110 2882 1155 con-

586 1175 867 1240 donatur
891 1197 1008 1259 per
1033 1177 1387 1240 terrarium.

674 1262 970 1326 1388108.
1061 1262 1478 1346 Compertum
1519 1267 1622 1327 est
1663 1281 1778 1345 per
1813 1262 1940 1346 jur’
1966 1261 2141 1346 quod
2184 1261 2267 1326 di.
2300 1264 2502 1347 cotag'
2532 1262 2881 1361 quondam

586 1348 660 1412 in
686 1353 918 1412 tenura
944 1347 1264 1412 Willelmi
1292 1349 1512 1414 Berier
1538 1348 1713 1433 quod
1755 1349 1931 1448 cepit
1971 1348 2056 1412 ad
2095 1354 2278 1414 term.
2306 1369 2352 1413 v
2380 1369 2728 1427 annorum,
2761 1348 2879 1432 qui

586 1434 904 1499 terminus
933 1441 1032 1499 est
1054 1435 1328 1518 81811888,
1350 1435 1818 1500 deterioratur
1797 1456 1869 1499 18
1889 1441 2120 1499 tenura
2139 1435 2432 1518 praedicti
2450 1436 2789 1501 willelmi
2811 1441 2880 1498 et

586 1521 671 1585 ad
700 1520 1057 1586 valenciam
1101 1522 1389 1605 quinque
1432 1521 1804 1599 solidorum,
1830 1522 2005 1586 unde
2046 1523 2093 1587 J
2094 1522 2315 1586 uhana
2356 1521 2494 1586 filia
2536 1524 2585 1588 J
2586 1521 2876 1587 ohannis

590 1607 826 1693 Smyth
854 1615 1156 1672 oneratur
1197 1608 1278 1672 (18
1312 1614 1340 1672 1
1354 1608 1453 1675 Sd.
1493 1628 1610 1693 pro
1653 1613 1941 1692 tempore
1970 1629 2100 1692 (188
2140 1608 2269 1672 fuit
2296 1614 2527 1673 tenens
2571 1630 2630 1693 eJ
2614 1609 2876 1674 usdem

586 1695 843 1760 dimidii
870 1694 1160 1779 praedicti
1206 1695 1442 1778 cotagii
1484 1715 1568 1759 ex
1610 1693 1985 1759 dimissione
2027 1694 2322 1780 praedicti
2349 1695 2687 1762 willelmi
2781 1694 2874 1757 Et

587 1782 923 1848 sciendum
951 1782 1125 1866 quod
1153 1782 1469 1846 Robertus
1513 1781 1912 1865 Malkynson
1956 1787 2023 1846 et
2063 1782 2111 1847 J
2113 1780 2398 1846 ohannes
2441 1782 2683 1866 Smyth
2708 1785 2875 1845 sunt

589 1868 787 1954 plegii
816 1870 1108 1952 praedicti
1134 1868 1452 1933 willelmi
1480 1874 1549 1933 et
1576 1867 1657 1932 de
1685 1867 1984 1951 dampnis
2012 1867 2334 1951 praedictis
2362 1868 2870 1952 respondebunt,

592 1962 659 2019 et
702 1976 894 2039 super
936 1956 1057 2020 hoc
1100 1955 1471 2039 injunctum
1510 1960 1610 2019 est
1638 1954 1913 2019 Ricardo
1951 1955 2263 2018 Firmario
2297 1960 2364 2019 et
2392 1955 2675 2020 Roberto
2704 1974 2869 2039 prae-

590 2043 801 2125 posito
830 2041 1004 2125 quod
1045 2042 1325 2125 reparari
1365 2042 1610 2106 faciant
1640 2040 2021 2125 praedictum
2062 2042 2385 2124 cotagium
2412 2061 2529 2125 per
2556 2042 2869 2126 praedicta

590 2127 872 2210 dampna
900 2127 1063 2192 citra
1088 2148 1264 2211 prox,
1296 2130 1543 2192 curiam
1569 2128 1693 2192 sub
1720 2147 1913 2210 poena
1941 2128 2026 2193 di.
2055 2147 2298 2192 marcae.
2322 2161 2412 2173 —

679 2213 1052 2278 willelmus
1110 2213 1283 2278 filius
1340 2216 1386 2278 J
1388 2214 1662 2280 ohannis
1708 2214 2011 2279 Wodkok
2061 2214 2237 2297 cepit
2281 2234 2487 2278 unum
2538 2214 2863 2298 cotagium

591 2299 767 2383 quod
823 2300 870 2364 J
872 2299 1156 2363 ohannes
1216 2300 1481 2384 Philipp
1553 2300 1734 2385 prius
1797 2299 2046 2366 tenuit:
2117 2300 2390 2366 habend.
2462 2306 2532 2366 et
2604 2299 2863 2366 tenend.

592 2404 633 2449 a
681 2385 846 2450 festo
906 2385 969 2451 S.
1020 2386 1295 2449 Martini
1349 2387 1542 2450 Anno
1593 2387 1862 2452 Domini
1904 2392 2020 2452 etc.
2075 2387 2240 2450 1wi
2285 2407 2491 2471 usque
2549 2386 2637 2451 ad
2681 2393 2864 2451 term.

593 2471 868 2536 duorum
896 2492 1245 2536 annorum:
1287 2472 1460 2537 redd.
1490 2474 1827 2557 antiquam
1869 2474 2120 2537 firmam
2163 2479 2230 2537 et
2256 2472 2550 2538 faciendo
2579 2474 2865 2538 Domino

593 2563 661 2622 et
718 2557 949 2622 vicinis
1008 2579 1154 2642 quae
1201 2559 1607 2626 incumbunt.
1694 2560 1868 2645 Pleg.
1917 2560 2087 2644 [etc]
2170 2560 2259 2623 Et
2307 2560 2644 2624 sciendum
2694 2560 2869 2643 quod

590 2644 902 2710 Ricardus
932 2645 1177 2711 Firmer
1219 2646 1393 2731 cepit
1418 2645 1801 2729 praedictum
1830 2646 2278 2732 cotagiumad
2318 2646 2773 2711 aedificandum
2801 2652 2869 2711 et

588 2730 758 2797 illud
785 2732 1107 2797 aedificant
1131 2733 1247 2798 sed
1274 2753 1406 2797 non
1444 2733 1835 2798 sufficienter
1861 2739 2053 2816 prout
2079 2732 2334 2813 dicitur,
2361 2753 2478 2817 pro
2507 2753 2641 2817 qua
2669 2733 2867 2798 aedifi-

588 2821 847 2886 cacione
875 2821 1108 2885 habuit
1134 2819 1515 2903 praedictum
1543 2819 1866 2903 cotagium
1908 2840 2023 2903 pro
2050 2819 2098 2903 ij
2146 2820 2331 2884 annis
2360 2819 2620 2903 elapsiS.
2710 2820 2865 2884 Ideo

590 2906 683 2991 111]
670 2907 959 2972 unctum
1005 2907 1311 2991 praedicto
1362 2905 1635 2970 Ricardo
1687 2906 1862 2989 quod
1910 2907 2189 2990 reparari
2235 2905 2432 2970 faciat
2480 2905 2865 2990 praedictum

588 2996 911 3078 cotagium
938 2994 1100 3058 citra
1127 3014 1302 3078 prox.
1334 2993 1579 3057 curiam
1608 2993 1729 3056 sub
1756 3012 1950 3076 poena
1978 2993 2060 3057 di.
2091 3012 2333 3057 marcae.
2353 3028 2446 3039 —

681 3080 1176 3145 Memorandum
1203 3079 1378 3165 quod
1420 3077 1717 3164 quaedam
1760 3079 1972 3162 placia
1997 3087 2227 3144 vocata
2267 3078 2331 3143 le
2373 3077 2684 3144 Neuland
2726 3099 2867 3144 con-

591 3165 842 3231 tinente
901 3167 1041 3250 [sic]
1089 3168 1184 3250 iiij
1233 3186 1410 3231 acras
1452 3186 1569 3250 per
1618 3165 2098 3231 estimacionem
2155 3165 2465 3249 pertinen.
2525 3165 2867 3230 (1018181018

591 3272 790 3335 quam
826 3258 1124 3317 tenentes
1167 3253 1449 3317 clamant
1490 3252 1725 3316 habere
1767 3272 2176 3316 communam
2218 3257 2498 3335 pasturae
2542 3252 2628 3316 ad
2657 3252 2870 3317 averia

593 3357 714 3401 888
770 3344 837 3403 et
899 3358 1096 3421 quam
1168 3339 1484 3403 Ricardus
1542 3339 1790 3402 Firmer
1858 3336 2020 3401 dicit
2076 3358 2214 3402 esse
2281 3337 2716 3421 pertinentem
2786 3338 2870 3403 ad

591 3427 891 3488 tenuram
919 3444 1121 3500 suam,
1150 3426 1555 3508 appreciatur
1583 3444 1642 3507 p.
1674 3445 1728 3488 a.
1758 3424 1842 3488 ad
1877 3424 2015 3487 led.
2047 3444 2207 3508 quos
2250 3423 2545 3509 praedicti
2570 3431 2867 3489 tenentes

592 3510 851 3575 solvant
876 3531 991 3594 pro
1021 3511 1147 3575 isto
1177 3531 1346 3574 anno
1375 3511 1648 3576 domodo
1689 3511 1829 3594 [sic]
1861 3510 2222 3575 discussum
2248 3509 2445 3575 fuerit
2472 3512 2580 3574 cui
2607 3511 2869 3575 illorum

593 3598 877 3683 pertinet
905 3598 1034 3663 de
1007 3618 1276 3682 Jure.-
1192 3597 1612 3662 -Ricardus
1656 3598 1904 3661 Firmer
1945 3598 2119 3682 cepit
2147 3596 2230 3661 di.
2262 3598 2464 3682 cotag’
2493 3598 2670 3681 quod
2700 3599 2869 3662 Mar·

591 3686 770 3770 goria
799 3687 1104 3752 Kemster
1130 3684 1310 3770 prius
1339 3684 1588 3749 tenuit:
1615 3682 1984 3748 habendum
2014 3704 2053 3748 a
2081 3684 2244 3749 festo
2275 3684 2335 3748 S.
2369 3684 2645 3764 Martini
2673 3685 2868 3749 Anno

595 3778 713 3838 etc
743 3773 907 3837 lwi
934 3793 1139 3857 usque
1169 3772 1251 3836 ad
1278 3778 1458 3836 term.
1481 3771 1633 3853 ij‘um
1661 3790 2015 3834 88801818.
2051 3771 2223 3836 redd.
2255 3772 2591 3854 antiquam
2618 3771 2870 3835 firmam

595 3865 664 3922 et
710 3859 1001 3924 faciendo
1045 3859 1328 3923 Domino
1374 3863 1441 3922 et
1467 3857 1703 3921 vicinis
1739 3877 1885 3940 quae
1921 3856 2326 3923 incumbunt.
2415 3857 2504 3921 Et
2531 3857 2866 3922 sciendum

594 3944 768 4027 quod
809 3945 1172 4045 ‘praedictus
1230 3944 1544 4009 Ricardus
1595 3942 1861 4008 habebit
1913 3949 2001 4008 5s.
2055 3942 2138 4008 ad
2187 3964 2300 4027 rep
2301 3945 2662 4008 aracionem
2711 3944 2868 4009 dicti

596 4029 846 4112 0018311,
891 4030 1064 4094 118(18
1105 4031 1179 4094 111
1221 4051 1419 4094 111888
1462 4030 1745 4095 Julianae
1787 4028 1939 4094 filiae
1980 4029 2302 4095 Johannis
2348 4029 2565 4095 Smith
2615 4030 2758 4095 18d.
2802 4037 2867 4094 et

595 4116 927 4181 residuum
981 4117 1055 4180 in
1110 4137 1310 4180 manu
1365 4116 1685 4181 willelmi
1742 4117 1963 4181 Berier
2027 4122 2095 4180 et
2150 4115 2498 4201 praedictus
2556 4116 2864 4182 Ricardus

597 4202 980 4287 praedictum
1008 4202 1330 4285 cotagium
1359 4202 1752 4268 sufficienter
1777 4202 2115 4287 reparabit.

683 4290 1047 4354 HESILDEN.
1152 4289 1642 4354 Consideratum
1700 4294 1799 4353 est
1855 4289 2029 4373 quod
2085 4288 2302 4353 Alicia
2356 4288 2494 4353 filia
2550 4289 2864 4355 Willelmi

594 4376 974 4443 Flescheuer
1022 4375 1354 4440 executi-ix
1403 4376 1778 4440 testamenti
1827 4374 2118 4459 ejusdem
2169 4375 2487 4440 Willelmi
2535 4384 2863 4461 recuperet

596 4483 820 4529 versus
846 4462 893 4527 J
895 4462 1213 4527 ohannem
1253 4461 1462 4525 filium
1500 4462 1763 4526 Thomae
1797 4462 1938 4528 lod.
1968 4482 2082 4545 pro
2111 4482 2330 4528 8111118
2371 4463 2568 4528 unius
2610 4483 2776 4530 acrae
2802 4468 2861 4529 et

3023 431 3029 552 1
