3042 5034
209 526 402 587 1296.
446 496 451 502 ·
744 536 1059 585 HALMOTA
1088 536 1447 585 PRIORATUS
1480 537 1961 588 DUNELMENSIS.
2407 522 2478 584 ll

208 699 367 770 20s.‚
397 694 480 758 ad
510 694 1039 759 Purificacionem
1072 700 1222 772 20s.,
1245 695 1324 759 ad
1349 694 1594 759 Pascha
1615 715 1790 779 prox,
1816 714 2088 778 sequens
2121 699 2253 758 33s.
2281 694 2398 771 4d.,
2421 700 2489 758 et

200 780 501 845 dimittet
530 788 767 845 terram
798 780 868 844 in
897 801 972 846 eo
1002 786 1178 845 statu
1207 802 1336 865 quo
1365 782 1548 845 illam
1575 781 1831 865 recepit.

294 868 602 932 HERTON.
692 868 1163 931 Ooncordatum
1207 874 1305 931 est
1348 867 1516 932 inter
1559 868 1604 932 J
1608 868 1928 931 ohannem
1970 866 2178 931 filium
2217 867 2486 931 Patricii

201 959 273 1018 et
322 953 581 1017 Matild'
628 953 917 1018 relictam
966 955 1011 1019 J
1014 954 1286 1018 ohannis
1332 953 1665 1037 Wymerk‚
1708 954 1831 1018 sub
1881 954 2003 1018 hac
2046 954 2266 1029 forma,
2308 953 2484 1037 quod

201 1039 428 1103 dictus
470 1040 517 1104 J
520 1040 805 1104 ohannes
847 1039 1054 1105 solvet
1095 1039 1285 1105 dictae
1329 1040 1585 1103 Matild’
1616 1061 1812 1104 unam
1849 1059 2130 1104 marcam
2173 1060 2288 1124 pro
2317 1040 2486 1104 bono

202 1127 407 1210 pacis,
452 1125 773 1203 videlicet,
825 1126 906 1189 di.
956 1146 1235 1191 marcam
1287 1126 1368 1190 ad
1420 1127 1600 1190 Pent.
1647 1147 1833 1202 annu,
1884 1131 2024 1203 etc„
2076 1125 2484 1210 nonagesimo

204 1214 506 1295 septimo,
552 1218 618 1275 et
661 1212 744 1276 ad
786 1213 1024 1277 festum
1061 1214 1133 1277 B.
1165 1212 1505 1277 Michaelis
1549 1233 1724 1297 proX.
1755 1233 2028 1296 sequens
2072 1213 2156 1276 di.
2186 1232 2482 1277 marcam.

202 1299 294 1362 Et
326 1299 384 1362 si
413 1319 545 1362 non
574 1298 838 1362 solverit
866 1298 946 1362 ad
976 1299 1282 1363 terminos
1312 1304 1591 1363 statutos
1620 1298 1802 1363 dabit
1831 1299 2038 1363 Priori
2071 1305 2201 1364 20s.
2292 1299 2485 1364 Salva

206 1390 436 1449 tamen
465 1390 725 1449 vestura
751 1386 946 1449 unius
976 1385 1146 1449 rodae
1176 1385 1357 1449 fratri
1388 1385 1580 1449 dictae
1609 1385 1881 1450 Matild’.

293 1471 868 1536 WEST-REYNTON.
955 1470 1339 1555 Ranulphus
1369 1471 1517 1534 Rud
1546 1472 1701 1554 quia
1728 1491 1858 1535 non
1886 1471 2067 1536 venit
2089 1471 2171 1536 ad
2193 1470 2482 1535 Halmot’

206 1557 314 1622 6d.
339 1595 427 1604 —
450 1557 929 1622 lucrementum
979 1558 1063 1623 di.
1115 1559 1321 1622 marc'.
1409 1557 1664 1621 Matild’
1713 1559 1935 1622 relicta
1984 1557 2245 1622 Thomae
2306 1558 2484 1622 Abot

207 1644 389 1727 cepit
431 1644 669 1707 toftum
715 1651 782 1707 et
823 1643 892 1707 xl
939 1664 1115 1708 acras
1159 1651 1344 1708 terrae
1388 1650 1454 1708 et
1490 1645 1755 1708 terciam
1799 1649 2045 1728 partem
2088 1645 2285 1707 unius
2320 1664 2482 1708 acrae

204 1751 373 1814 quas
401 1729 503 1793 vir
544 1750 702 1794 suus
745 1730 975 1807 tenuit,
1009 1729 1180 1795 redd.
1211 1751 1271 1814 p.
1303 1751 1356 1795 a.
1392 1735 1544 1807 30s.,
1574 1736 1641 1794 et
1684 1729 1975 1795 faciendo
2021 1730 2291 1794 servicia
2332 1750 2480 1793 con-

202 1823 409 1882 sueta.

296 1904 550 1968 Com.
655 1902 822 1988 Agn’
881 1903 1173 1986 Bonamy
1230 1923 1346 1986 pro
1403 1902 1562 1985 leyr‚
1622 1902 1692 1966 in
1749 1900 2199 1979 misericordia,
2263 1902 2362 1967 6d.
2392 1939 2480 1950 —

201 1989 580 2054 Willelmus
610 1989 716 2054 del
742 1989 909 2054 Ford
940 1989 1094 2073 quia
1120 1989 1417 2054 vendidit
1452 1994 1677 2054 contra
1705 1989 1991 2065 assisam,
2013 1988 2110 2054 6d.
2129 2028 2214 2038 —
2234 1989 2478 2054 Scolas-

207 2077 347 2140 tica
372 2096 489 2159 pro
524 2075 765 2153 eodem,
798 2076 896 2141 6d.

297 2162 799 2228 EST-REYNTON.
888 2161 1377 2227 Consideratum
1399 2166 1497 2227 est
1527 2161 1699 2245 quod
1731 2162 2130 2227 Goderobine
2151 2168 2483 2246 recuperet

203 2248 287 2313 de
340 2250 387 2314 J
387 2248 642 2313 ohanne
686 2250 883 2332 Wyse
929 2269 1043 2332 pro
1085 2249 1398 2333 plegiagio
1444 2249 1709 2313 Roberti
1753 2250 1945 2314 Pater
1994 2250 2230 2314 Noster
2280 2256 2369 2315 2s.
2391 2287 2480 2297 —

203 2335 252 2400 J
253 2334 543 2400 ohannes
574 2334 746 2399 filius
773 2334 956 2418 Elyae
984 2334 1097 2399 dat
1138 2336 1422 2399 Domino
1465 2335 1673 2399 Priori
1715 2356 1830 2419 pro
1872 2336 2144 2401 licencia
2185 2336 2481 2401 habenda

204 2421 436 2486 arandi
487 2427 723 2485 terram
773 2421 1026 2485 Matild’
1077 2422 1319 2486 relictae
1370 2422 1666 2486 messoris
1718 2422 1799 2486 ad
1849 2429 2028 2487 term.
2079 2424 2233 2487 vitae
2285 2423 2477 2487 dictas

206 2507 488 2583 Matild’,
525 2508 665 2573 12d.
688 2547 775 2556 —
797 2507 1041 2572 Alanus
1065 2509 1257 2572 Pater
1276 2509 1513 2572 Noster
1541 2508 1792 2573 invenit
1812 2509 1857 2573 J
1861 2509 2180 2574 ohannem
2209 2510 2482 2574 Freman

206 2601 275 2659 et
306 2595 666 2659 Henricum
692 2593 902 2658 filium
930 2594 1087 2658 Edse
1114 2594 1355 2679 plegios
1385 2614 1534 2658 suos
1564 2595 1736 2678 quod
1763 2595 1928 2660 bene
1950 2617 2019 2661 se
2046 2596 2313 2660 habebit
2334 2616 2481 2679 erga

205 2681 507 2746 homines
537 2681 775 2744 Prioris
803 2686 869 2745 et
890 2680 1024 2764 juri
1053 2688 1221 2744 stare
1250 2682 1321 2745 in
1349 2681 1663 2746 omnibus.

298 2768 636 2831 MORHUS’.
724 2767 1050 2831 Walter-us
1095 2767 1200 2831 del
1250 2769 1435 2832 More
1480 2768 1633 2851 quia
1677 2766 1840 2851 colp’
1882 2767 1928 2850 ij
1979 2787 2252 2852 quercus
2299 2772 2482 2833 extra

208 2873 479 2939 parcum
509 2853 591 2918 de
622 2853 1005 2939 Reyington‚
1035 2853 1105 2917 in
1132 2854 1581 2930 misericordia,
1615 2853 1713 2918 6d.

298 2940 645 3005 MoR’LAW.
764 2940 1252 3005 Consideratum
1324 2946 1423 3005 est
1495 2939 1669 3023 quod
1741 2937 1893 3002 Tho’
1970 2937 2482 3004 Molendinarius

208 3026 423 3091 solvat
466 3027 550 3091 ad
593 3026 1064 3091 emendandum
1092 3027 1329 3090 toftum
1360 3026 1684 3109 quondam
1714 3023 2028 3088 Willelmi
2064 3025 2184 3087 filii
2228 3025 2483 3089 Matild'

212 3119 332 3178 6s.=
361 3120 428 3177 et
447 3112 780 3177 Willelmo
801 3113 1273 3177 Molendinario
1308 3120 1394 3178 2s.
1414 3151 1501 3159 —
1520 3112 2001 3176 Incrementum
2031 3111 2171 3175 12d.
2229 3111 2483 3177 Alanus

204 3200 383 3264 filius
415 3199 741 3283 Hawysiae
771 3199 944 3283 cepit
973 3200 1210 3263 toftum
1241 3205 1308 3264 et
1350 3200 1508 3282 xviij
1543 3218 1718 3262 acras
1762 3204 1947 3262 terrae
1974 3218 2135 3281 quas
2167 3198 2483 3264 Robertus

206 3286 384 3350 filius
415 3285 716 3370 Hugonis
744 3286 975 3363 tenuit,
1003 3286 1176 3350 redd.
1208 3307 1268 3370 p.
1300 3306 1354 3350 a.
1391 3292 1539 3362 15s.‚
1568 3292 1636 3349 et
1680 3284 1886 3349 solvet
1927 3285 2203 3369 primam
2231 3286 2483 3350 firmam

207 3373 295 3437 ad
337 3372 520 3436 Pent.
567 3393 757 3449 anno,
799 3379 937 3450 etc„
980 3373 1391 3456 nonagesimo
1434 3378 1675 3437 octavo,
1698 3411 1786 3421 —
1809 3372 2289 3437 Incrementum
2340 3373 2481 3439 14d.

210 3459 309 3524 ob.
398 3460 445 3524 J
447 3459 735 3523 ohannes
778 3458 857 3522 de
894 3458 1359 3542 Wyuelington
1407 3459 1579 3543 cepit
1621 3459 1861 3524 toftum
1903 3464 1970 3523 et
2007 3464 2241 3523 terram
2289 3480 2484 3543 quam

207 3544 465 3609 Matild’
509 3545 731 3609 relicta
772 3544 1091 3609 Willelmi
1135 3545 1255 3609 filii
1297 3545 1553 3609 Matild’
1597 3545 1810 3609 tenuit
1851 3545 2022 3609 redd.
2068 3567 2128 3630 p.
2169 3566 2221 3611 a.
2265 3552 2373 3623 9s.,
2417 3553 2484 3611 et

204 3630 500 3697 faciendo
530 3631 799 3696 servicia
829 3638 1151 3696 consueta.

293 3717 407 3802 [In
466 3719 687 3818 dorsa]
775 3768 789 3783 .
838 3770 850 3783 .
897 3768 911 3783 .
957 3717 1181 3782 relicta
1224 3717 1483 3782 Ricardi
1535 3717 1616 3781 de
1659 3717 2002 3801 Wardeley
2045 3738 2161 3800 pro
2211 3716 2485 3782 licencia

204 3804 504 3869 habenda
532 3805 826 3888 capiendi
853 3805 1067 3869 virum
1094 3805 1277 3869 dabit
1309 3809 1396 3868 6s.

295 3942 309 3956 .
355 3942 371 3956 .
420 3942 433 3955 .
481 3891 757 3955 Thomas
787 3891 867 3955 de
898 3890 1328 3955 Braunesdale
1355 3889 1638 3955 reddidit
1670 3909 1876 3952 unum
1919 3889 2159 3953 toftum
2189 3895 2256 3956 et
2283 3910 2484 3955 unam

206 3978 511 4042 bovatam
537 3983 721 4042 terrae
750 3998 945 4061 quam
973 3978 1202 4041 tenuit.

295 4115 309 4129 .
355 4114 370 4129 .
420 4115 433 4130 .
481 4069 581 4128 est
608 4084 722 4147 per
742 4065 866 4148 jur'
898 4064 1072 4147 quod
1106 4062 1396 4127 homines
1425 4061 1507 4128 de
1535 4062 1781 4126 Dalton
1811 4083 1943 4127 non
1972 4062 2209 4129 debent
2250 4063 2486 4130 habere

208 4170 619 4216 communam
661 4151 743 4215 ab
788 4150 1073 4215 inferiori
1115 4156 1295 4233 parte
1340 4149 1445 4213 del
1472 4149 1866 4214 Welleleche
1903 4170 2126 4215 versus
2170 4151 2485 4215 fossatum

203 4237 477 4322 pomerii
525 4236 743 4320 aliquo
795 4258 985 4315 ann0‚
1032 4237 1297 4313 scilicet,
1343 4235 1636 4319 quolibet
1680 4237 1876 4301 tercio
1936 4256 2105 4301 anno
2152 4237 2485 4302 habebunt

206 4325 427 4408 fugam
471 4343 656 4387 suam
700 4345 848 4388 cum
894 4323 1279 4387 animalibus
1324 4323 1459 4386 suis
1489 4323 1572 4385 ad
1615 4343 1874 4387 moram.
1964 4323 2133 4387 Item
2170 4323 2485 4406 juratores

210 4411 437 4475 dicunt
483 4411 656 4493 quod
705 4410 997 4474 homines
1042 4409 1122 4473 de
1167 4409 1414 4473 Dalton
1459 4408 1753 4473 solebant
1798 4409 2031 4473 habere
2078 4428 2484 4472 communam

208 4518 353 4562 cum
383 4497 777 4562 animalibus
808 4496 943 4562 suis
983 4516 1022 4560 a
1049 4502 1233 4579 porta
1276 4495 1549 4560 manerii
1575 4516 1798 4559 versus
1826 4494 1999 4558 viam
2044 4495 2123 4558 de
2153 4492 2484 4557 Hesilden.
