3042 5034
580 484 659 541 34
1099 489 1416 539 RALMOTA
1443 487 1808 538 PRIORATUS
1838 485 2321 538 Dmmmfflusls.
2674 472 2865 532 1364.

581 649 933 732 respective
972 647 1106 712 late
1133 647 1398 712 fat-mers
1426 646 1498 710 of
1535 645 1649 709 the
1669 644 1850 710 milis
1877 643 1950 709 of
1985 642 2422 729 Byllyngham
2444 640 2574 706 and
2602 642 2874 706 Neuton

582 733 783 800 Beule
808 735 899 818 by
927 740 963 768 “
980 754 1203 798 omnes
1230 731 1599 797 husbandos
1628 732 1710 797 de
1739 730 2225 816 Byllyngham,”
2256 728 2387 794 and
2413 735 2450 762 “
2466 748 2691 793 omnes
2716 728 2870 792 hus-

582 821 827 885 bandos
847 820 930 885 de
958 821 1223 886 Neuton
1241 819 1539 896 Beuleu,’'
1559 819 1657 883 for
1684 818 2137 885 deterioration
2162 818 2237 880 in
2263 815 2645 891 miliatones,
2671 814 2870 890 irons,

584 907 714 972 and
742 914 777 941 “
799 908 862 971 16
884 906 1304 984 sailclathes,'’
1335 905 1465 970 and
1487 925 1655 970 were
1671 905 1945 970 referred
1964 909 2035 968 to
2056 904 2171 967 the
2199 902 2416 987 ‹Im-y]
2433 939 2521 948 —
2539 901 2868 965 Robertus

584 992 908 1146 ³⁸¹&QO
936 992 1547 1163 ffissyffiffl-
1573 992 1902 1143 ‘ffi‘fff
1919 990 2322 1142 indigi?
2329 987 2694 1139 ..immas
2694 986 2868 1149 ἒξ

588 1187 760 1246 suae3
803 1166 978 1231 redd.
1019 1187 1081 1249 p.
1127 1186 1180 1230 a.
1228 1171 1267 1230 4
1311 1165 1379 1229 li.
1430 1169 1518 1229 6s.
1568 1164 1706 1244 8d.;
1757 1169 1825 1229 et
1865 1184 1983 1247 pro
2024 1168 2400 1228 tenemento
2443 1160 2638 1225 dictae
2679 1165 2869 1224 terrae

590 1254 955 1337 pertinente
1002 1257 1089 1317 6s.
1122 1251 1223 1315 Sd.
1312 1252 1401 1315 Et
1441 1251 1779 1316 sciendum
1822 1250 1995 1334 quod
2036 1248 2282 1332 recepit
2323 1268 2417 1311 xx
2459 1266 2638 1311 acras
2682 1250 2870 1310 terrae

589 1339 754 1404 b'ene
782 1343 1156 1404 warectatas
1198 1358 1361 1421 quas
1405 1338 1499 1402 sic
1542 1337 1838 1402 dimittat
1862 1337 1936 1401 in
1963 1336 2092 1401 fine
2136 1341 2205 1399 et
2246 1333 2643 1399 sustentabit
2685 1339 2869 1397 tene-

588 1430 813 1490 menta
839 1425 1029 1491 modo
1072 1424 1388 1489 aedificata
1415 1424 1786 1507 sumptibus
1829 1423 1967 1488 suis
1995 1422 2069 1487 in
2096 1421 2256 1487 adeo
2298 1421 2468 1486 bono
2511 1424 2698 1484 statu
2737 1439 2868 1502 quo

588 1683 762 1769 [etc]
834 1686 923 1749 Et
950 1685 1063 1750 dat
1089 1684 1176 1749 ad
1201 1685 1468 1769 gres'am
1503 1690 1532 1747 1
1546 1684 1647 1749 2d.
1736 1683 1900 1767 [The
1941 1683 2084 1747 first
2109 1685 2420 1765 payment
2446 1680 2518 1744 of
2553 1700 2598 1744 a
2623 1685 2776 1744 rent
2800 1678 2874 1742 in

592 1772 975 1838 Wolveston
1002 1791 1137 1836 was
1166 1772 1300 1837 also
1328 1777 1398 1836 to
1427 1771 1508 1836 be
1539 1776 1609 1835 at
1634 1770 1982 1835 Pentecost
2014 1768 2228 1852 1366]

679 1859 1293 1924 Nsuros-Kmvros.
1434 1858 1756 1922 Robertus
1833 1855 2034 1941 Wyli,
2104 1854 2435 1919 Walterus
2508 1852 2874 1936 Byschope,

595 1944 953 2011 Richardus
996 1945 1104 2010 del
1138 1946 1425 2022 Neuton‚
1468 1945 1805 2027 juratores.
1827 1981 1917 1993 —
1936 1943 2042 2007 De
2085 1939 2409 2005 Richardo
2451 1939 2560 2004 del
2603 1939 2874 2004 Neuton

588 2038 658 2096 et
686 2031 733 2095 J
734 2031 954 2095 uliana
979 2052 1177 2097 uxore
1206 2032 1347 2115 ejus
1389 2050 1504 2114 pro
1535 2035 1936 2114 transgressu
1963 2029 2134 2093 facta
2159 2026 2493 2094 Willelmo
2523 2023 2874 2110 Schiphird

591 2122 658 2182 et
686 2116 994 2181 Anabiila
1020 2138 1219 2182 uxore
1264 2118 1404 2201 ejus
1446 2116 1531 2182 ad
1560 2117 1701 2201 [sic]
1729 2117 1940 2200 ipsam
1980 2113 2356 2179 Anabillam
2398 2111 2777 2177 insultando
2804 2116 2876 2177 et

593 2202 986 2268 verberando
1044 2202 1127 2266 ad
1178 2203 1535 2288 dampnum
1576 2204 1865 2288 ipsorum
1914 2200 2234 2266 willelmi
2277 2206 2347 2265 et
2391 2198 2718 2263 Anabillae
2769 2197 2873 2263 sd.

596 2291 700 2355 De
729 2287 1162 2353 misericordia
1194 2289 1294 2356 3d.

682 2374 1238 2439 Non-SrAmroN.
1356 2375 1726 2440 Winelmus
1786 2374 2023 2459 Smyth
2080 2373 2269 2439 venit
2316 2371 2426 2437 hic
2483 2370 2559 2435 in
2615 2370 2748 2436 cur’
2805 2374 2880 2435 et

594 2462 767 2544 cepit
808 2481 1016 2525 unum
1057 2481 1211 2527 mes.
1258 2467 1327 2525 et
1366 2481 1459 2526 xx
1502 2482 1680 2527 acras
1730 2469 1917 2527 terrae
1958 2480 2110 2526 cum
2151 2464 2336 2543 prato
2378 2462 2447 2523 et
2486 2463 2758 2541 pastura
2797 2476 2876 2522 ac

597 2567 747 2613 cum
790 2547 928 2612 suis
966 2547 1378 2631 pertinentiis
1405 2548 1477 2612 in
1506 2548 2016 2632 Non-Staynton
2046 2566 2192 2630 quas
2232 2544 2564 2629 quondam
2606 2543 2879 2607 fuerunt
3021 2561 3022 2576 ¹

596 2634 759 2698 Adae
817 2633 1161 2717 Kyrkman
1219 2640 1289 2699 et
1344 2655 1492 2718 quae
1556 2635 1880 2699 Dominus
1947 2634 2132 2697 Prior
2187 2630 2592 2715 recuperavit
2648 2649 2879 2695 versus

596 2719 882 2786 haeredes
908 2721 1116 2806 ipsius
1144 2721 1306 2786 Adae
1333 2721 1407 2785 in
1435 2721 1615 2786 curia
1656 2720 1928 2785 Domini
1968 2719 2276 2804 Episcopi
2317 2738 2436 2802 per
2461 2718 2659 2782 breve
2686 2736 2880 2799 quare

597 2808 847 2873 cessavit
879 2829 999 2892 per
1027 2809 1354 2872 biemiwm
1376 2836 1396 2872 .·
1448 2807 1723 2873 habend.
1755 2813 1823 2872 et
1866 2807 2121 2871 tenend.
2167 2805 2251 2871 ad
2291 2810 2474 2869 term.
2504 2804 2666 2867 vitae
2708 2822 2881 2867 suae:

596 2894 769 2961 redd.
814 2895 1152 2960 annuatim
1194 2895 1508 2960 scaccario
1552 2893 1822 2958 Domini
1864 2894 2103 2959 Prior-is
2156 2891 2330 2976 apud
2371 2889 2680 2955 Dunelm’
2723 2894 2881 2966 34s.‚
3021 2949 3022 2968 ἢ

597 2982 805 3066 primo
847 2987 1030 3048 term.
1074 2980 1425 3046 solucionis
1477 2980 1561 3044 ad
1604 2980 1845 3045 festum
1889 2981 2073 3045 Pent.
2117 2999 2288 3044 anno
2329 2983 2447 3042 etc.
2489 2976 2678 3060 lxvj0.
2790 2975 2882 3040 Et

599 3069 813 3133 dictus
856 3068 1225 3133 Willelmus
1268 3066 1540 3132 aedificia
1580 3066 1874 3150 praedicti
1907 3066 2221 3150 mesuagii
2263 3063 2658 3129 sufficienter
2705 3062 2882 3127 infra

600 3155 760 3218 duos
788 3154 1029 3237 primos
1051 3174 1254 3219 annos
1277 3152 1622 3219 aedificabit
1641 3153 2007 3236 sumptibus
2029 3154 2166 3218 suis
2187 3150 2478 3235 propriis.
2549 3150 2640 3214 Et
2659 3149 2881 3215 dictus

597 3239 968 3304 Willelmus
997 3238 1263 3304 habebit
1287 3260 1580 3324 grossum
1608 3240 1989 3305 meremium
2017 3240 2091 3304 in
2114 3240 2382 3303 boscum
2410 3236 2490 3302 de
2518 3236 2734 3320 Aclay
2763 3255 2883 3319 pro

598 3326 664 3409 vj
696 3323 958 3408 paribus
986 3324 1068 3389 de
1096 3325 1326 3404 scilies,
1359 3327 1576 3411 rybys,
1605 3332 1673 3391 et
1700 3325 1898 3390 firstis
1941 3326 2025 3390 ad
2068 3324 2425 3408 costagium
2467 3323 2679 3406 ipsius
2707 3322 2881 3388 wil·
3021 3369 3022 3390 2

598 3410 781 3475 lelmi
822 3409 1221 3476 lucrandum.
1308 3412 1399 3476 Et
1425 3414 1631 3478 eciam
1674 3412 1943 3478 habebit
1968 3413 2042 3476 in
2071 3411 2298 3476 eodem
2337 3410 2530 3474 bosco
2558 3414 2683 3493 tyn

600 3497 681 3562 de
724 3497 932 3581 spinis
975 3501 1045 3561 et
1085 3496 1392 3563 salicibus
1435 3501 1493 3564 si
1537 3499 1801 3565 comode
1843 3500 1983 3563 fieri
2023 3497 2246 3583 possit.
2332 3497 2422 3560 Et
2463 3494 2682 3560 dictus
2711 3494 2882 3560 Wil—

598 3583 835 3649 lelmus
862 3582 1170 3668 praedicta
1197 3583 1451 3650 edificia
1476 3592 1821 3671 postquam
1850 3585 2093 3651 fuerint
2115 3584 2428 3649 aedificata
2448 3601 2564 3665 pro
2589 3587 2884 3665 tempore
3021 3609 3022 3622 ¹

600 3671 906 3755 praedicto
936 3672 1387 3737 manutenebit
1413 3678 1481 3737 et
1507 3678 1746 3738 terram
1774 3670 2152 3757 praedictam
2180 3672 2253 3734 in
2283 3669 2442 3735 adeo
2485 3668 2656 3732 bono
2701 3674 2884 3733 statu
3021 3689 3022 3700 ¹

600 3758 784 3842 [quo]
832 3766 984 3824 ante
1028 3778 1172 3823 eam
1214 3759 1457 3843 recepit
1497 3759 1570 3823 in
1613 3758 1743 3823 fine
1794 3758 2059 3823 termini
2099 3755 2395 3842 praedicti
2433 3755 2732 3819 dimittet
2774 3755 2884 3820 vel

599 3845 803 3909 eciam
858 3843 1126 3911 meliori.
1232 3845 1407 3930 Pleg.
1466 3846 1643 3929 [etc]
1675 3881 1706 3892 —
1735 3882 1762 3895 -
1815 3845 2107 3910 Gres'ma
2163 3865 2210 3907 x
2240 3864 2287 3908 s.
2347 3840 2636 3907 solvend.
2702 3841 2883 3925 [etc]

601 3929 807 4012 [Vide
829 3930 968 3995 Sur.
1002 3931 1162 4008 Soc„
1190 3933 1319 3999 vol.
1346 3932 1509 3996 lviii.
1549 3937 1672 3997 163
1703 3939 1758 3996 et
1785 3932 1927 4016 seq]
3021 3953 3022 3998 1

684 4016 938 4082 AKLRY.
1024 4017 1395 4083 Willelmus
1422 4018 1596 4084 filius
1625 4020 1672 4084 J
1673 4018 1948 4083 ohannis
1976 4017 2059 4082 de
2089 4016 2347 4082 Coksou
2364 4051 2392 4064 -
2422 4051 2450 4064 -
2468 4013 2644 4097 cepit
2671 4032 2884 4078 unum

597 4101 923 4185 cotagium
951 4103 1127 4185 quod
1154 4109 1340 4187 pater
1380 4124 1540 4170 suus
1584 4105 1764 4189 prius
1807 4103 2059 4170 tenuit:
2103 4102 2377 4168 habend.
2409 4106 2476 4166 et
2504 4100 2765 4166 tenend.
2798 4099 2880 4164 ad

596 4195 779 4252 term.
812 4187 961 4252 vitae
990 4208 1158 4253 suae:
1211 4190 1384 4255 redd.
1429 4191 1767 4276 antiquam
1794 4191 2049 4256 firmam
2077 4196 2145 4256 et
2171 4188 2445 4255 servicia
2487 4193 2556 4252 et
2583 4186 2882 4251 faciendo

595 4273 880 4338 Domino
909 4280 977 4339 et
1003 4275 1238 4340 vicinis
1266 4297 1412 4360 quae
1453 4277 1860 4344 incumbunt.
1949 4277 2125 4362 Pleg.
2171 4276 2452 4359 Hugone
2482 4274 2564 4339 de
2608 4272 2883 4338 Riknall

595 4367 663 4425 et
706 4359 1037 4425 Willelmo
1086 4361 1237 4426 Ibbi
1280 4412 1293 4426 .
1342 4412 1356 4428 .
1402 4413 1416 4428 .
1463 4365 1552 4429 Et
1603 4365 1757 4449 quia
1800 4364 2148 4448 praedictus
2177 4360 2550 4427 Wilielmus
2596 4378 2735 4425 non
2781 4366 2884 4425 est

594 4447 676 4511 ad
712 4446 972 4531 plenam
1016 4454 1294 4526 aetatem,
1325 4470 1407 4514 ex
1449 4449 1724 4515 licencia
1765 4452 1960 4515 curias
2002 4456 2104 4515 est
2132 4451 2204 4514 in
2248 4447 2543 4513 custodia
2585 4446 2882 4529 praedicti
3021 4431 3022 4504 ἐ
