3042 5034
173 500 363 562 1378.
678 514 1002 562 amaon
1028 513 1395 563 Pmoun-ns
1424 515 1908 565 nnnnmfflnsm.
2352 508 2473 566 145

257 672 762 736 WALLESHEND.
855 673 1242 755 Injunctum
1271 680 1371 737 est
1410 673 1711 737 omnibus
1743 682 1871 737 ten.
1904 673 2094 751 villae,
2124 675 2298 759 quod
2328 678 2471 758 qui·

165 759 338 823 libet
369 780 596 824 eorum
625 760 826 823 artari
856 760 1100 823 faciant
1127 768 1335 823 totam
1365 768 1603 823 terram
1635 761 1706 823 in
1729 770 2031 824 warreeto
2054 769 2188 824 tam
2219 764 2470 827 sterilee

165 868 371 929 quam
405 847 568 910 alias
599 847 680 912 de
708 853 921 911 cetero
939 848 1061 910 sub
1091 867 1284 929 poena
1306 847 1388 909 di.
1415 847 2471 914 mareae.—Molendinum—Will.

167 935 280 998 del
337 935 538 998 Rawe
591 934 806 998 senior
856 940 925 998 et
983 934 1161 997 Will.
1216 933 1324 997 del
1371 934 1569 998 Rawe
1613 935 1837 1016 junior
1875 955 1934 998 ν.
1982 942 2051 999 et
2091 956 2141 1000 0.
2191 937 2466 1000 molend.

167 1022 604 1085 ventriticum
664 1021 744 1084 de
795 1021 1219 1085 Walleshend
1271 1041 1311 1084 a
1369 1020 1537 1085 festo
1578 1021 1639 1085 S.
1682 1022 1890 1085 Marci
1948 1025 2114 1085 1378
2156 1021 2239 1085 ad
2280 1029 2465 1088 term.

167 1109 380 1172 trium
441 1128 760 1171 annorum
817 1144 845 1156 -
908 1145 933 1156 ·
993 1108 1167 1171 redd.
1229 1107 1382 1171 inde
1443 1128 1560 1190 per
1622 1129 1869 1172 annum
1927 1108 2085 1185 IxS„
2143 1116 2210 1173 et
2275 1111 2465 1193 praed.

165 1195 456 1259 molend.
488 1194 1006 1259 manutenebunt
1034 1202 1228 1276 prout
1256 1194 1370 1258 alii
1400 1194 1670 1258 firmarii
1698 1202 1849 1261 ante
1876 1196 2050 1279 ipsos
2080 1196 2289 1261 facere
2320 1218 2468 1261 eon·

165 1290 550 1358 sueverunt,
579 1281 744 1366 pleg.
775 1283 940 1346 alter
968 1281 1251 1345 alteriue.

259 1370 746 1433 WILLYNGTON.
837 1369 884 1433 J
887 1369 1175 1432 ohannes
1220 1368 1305 1431 fil.
1337 1368 1382 1431 J
1386 1367 1659 1432 ohannis
1706 1369 1961 1452 Paulyn
1990 1391 2047 1434 v.
2081 1378 2148 1434 et
2178 1391 2229 1434 c.
2261 1373 2466 1434 nmini

167 1458 318 1520 toft.
352 1457 490 1539 xlvj
525 1477 578 1520 a.
611 1457 727 1520 ult.
761 1456 831 1519 in
876 1462 1005 1521 ten.
1039 1455 1216 1519 Will.
1249 1455 1391 1539 [sic]
1426 1455 1699 1537 Paulyn,
1728 1457 1933 1538 patris
1963 1457 2083 1533 sui,
2114 1457 2289 1523 redd.
2321 1478 2381 1541 p.
2413 1478 2466 1521 a.

169 1545 319 1627 xiiij
342 1565 390 1608 S.
418 1566 434 1623 ;
479 1552 546 1607 et
584 1544 611 1626 j
661 1545 804 1607 toft.
836 1564 973 1606 xxx
1004 1563 1057 1607 a.
1090 1542 1206 1605 ult.
1238 1543 1306 1605 in
1340 1551 1467 1606 ten.
1499 1542 1694 1624 praed.
1736 1544 1916 1606 Will.
1948 1544 2120 1608 redd.
2168 1565 2227 1627 p.
2261 1564 2313 1607 a.
2346 1566 2392 1607 x
2414 1565 2461 1608 ε.

168 1639 241 1695 et
283 1651 480 1713 opera
526 1637 855 1707 consueta,
883 1638 950 1693 et
994 1637 1234 1713 argent.
1268 1630 1424 1704 Ter„
1455 1629 1712 1693 tenend.
1756 1630 1839 1693 ad
1883 1637 2065 1694 term.
2120 1633 2274 1694 vitae
2317 1652 2469 1706 suae,

165 1717 551 1800 incipiendo
604 1717 852 1781 solvere
904 1717 986 1780 ad
1039 1718 1279 1779 festum
1326 1718 1508 1779 Pent.
1559 1736 1730 1779 anno
1783 1724 1899 1780 ete.
1955 1717 2361 1799 octogesim0‚
2402 1726 2469 1781 et

165 1805 440 1869 interim
475 1805 668 1887 praed.
690 1804 869 1868 Will.
901 1803 1111 1867 solvet
1142 1804 1299 1866 firm.
1377 1804 1464 1865 Et
1494 1803 1763 1865 aedificia
1793 1803 1863 1865 in
1896 1805 2021 1866 fine
2050 1809 2231 1867 term.
2265 1805 2367 1868 sui
2396 1805 2468 1868 in

168 1892 529 1956 sufficienti
552 1899 730 1955 statu
760 1891 1067 1954 dimittet.
1145 1890 1315 1973 Pleg.
1363 1890 1408 1953 J
1412 1889 1698 1952 ohannes
1730 1889 2105 1973 Attheyate,
2135 1890 2180 1953 J
2183 1890 2469 1955 ohannes

169 1979 257 2043 de
287 1979 334 2042 J
337 1999 564 2054 atowe,
589 1978 766 2042 Will.
794 1978 902 2041 del
924 1978 1121 2041 Rawe
1150 1984 1216 2040 et
1237 1977 1557 2040 Robertus
1574 1976 1655 2038 de
1679 1977 2086 2059 Meryngton.
2165 1976 2470 2043 Gres'ma.

169 2067 264 2130 Et
288 2066 526 2129 sciend.
552 2067 726 2149 quod
757 2064 954 2128 babet
983 2065 1144 2127 duos
1175 2084 1391 2146 equos,
1413 2083 1578 2147 pree.
1604 2063 1718 2145 xxj
1739 2084 1786 2126 8.
1854 2064 1943 2127 Et
1972 2065 2342 2147 injunctum
2372 2073 2471 2129 est

162 2154 296 2237 jur.
331 2153 507 2236 quod
537 2153 829 2235 inquirat
861 2151 1004 2237 [sic]
1035 2151 1115 2215 de
1145 2151 1354 2234 damp.
1382 2160 1628 2214 tenurae
1664 2150 1855 2233 praed.
1881 2157 2066 2215 terrae
2096 2160 2163 2215 et
2190 2172 2469 2235 primen-

171 2249 324 2305 tent
354 2240 436 2303 ad
467 2260 644 2323 prox,
677 2260 805 2303 cur.
839 2239 962 2302 sub
993 2258 1184 2321 poena
1228 2237 1300 2300 xl
1318 2238 1376 2301 d.
1465 2237 1553 2300 Et
1597 2237 1795 2301 habet
1839 2237 2009 2302 diem
2056 2239 2138 2303 ed
2182 2239 2468 2304 solvend.

170 2327 518 2413 gres'mam
550 2347 752 2409 quum
784 2326 1025 2408 ceperit
1054 2326 1334 2408 primam
1362 2331 1707 2388 vesturam.

264 2416 311 2479 J
316 2430 568 2478 AROWE.
662 2414 1051 2477 Ordinatum
1081 2418 1181 2476 est
1210 2432 1290 2475 ex
1331 2412 1659 2475 communi
1702 2432 1985 2489 assensu,
2015 2413 2188 2496 quod
2228 2413 2474 2478 faciant

170 2522 386 2564 unum
417 2521 677 2565 cursum
707 2520 894 2583 aquae
924 2519 1119 2583 supra
1149 2498 1530 2562 Stamerden
1561 2499 1724 2562 eitra
1751 2519 1929 2582 prox.
1959 2520 2109 2576 cnr„
2128 2501 2250 2564 sub
2280 2522 2474 2584 poena

171 2589 260 2653 di.
297 2590 1088 2651 marcae—Praesentatum
1134 2594 1234 2649 est
1277 2606 1393 2668 per
1426 2587 1553 2667 jur.
1587 2586 1759 2669 quod
1801 2607 1934 2650 una
1977 2588 2225 2663 semita,
2249 2589 2472 2671 jacens

169 2677 351 2739 inter
379 2682 618 2738 terram
647 2674 942 2757 magistri
963 2673 1042 2736 de
1071 2673 1116 2736 J
1120 2693 1329 2736 arowe
1360 2694 1439 2736 ex
1475 2694 1605 2735 una
1626 2680 1810 2755 parte
1841 2678 1908 2736 et
1937 2672 2203 2738 liberam
2236 2681 2471 2738 terram

172 2763 372 2826 —De
422 2761 771 2844 Ranulpho
825 2760 931 2824 del
979 2759 1259 2824 Kitchin
1312 2766 1378 2822 et
1422 2760 1724 2823 omnibus
1768 2759 1915 2822 aliis
1960 2764 2087 2824 ten.
2135 2760 2313 2824 villae
2353 2782 2471 2843 pro

173 2857 376 2913 trane.
424 2849 599 2913 facta
643 2851 714 2911 in
773 2847 1057 2931 Figileys
1109 2847 1191 2910 ad
1244 2845 1453 2929 damp.
1505 2845 1683 2909 Will.
1734 2845 1815 2909 de
1868 2846 2270 2922 Wermouth,
2320 2847 2365 2910 J
2369 2845 2467 2911 oh.

176 2937 484 3017 Godwyn
545 2943 611 2999 et
669 2935 859 2999 Nieh.
911 2934 1179 3010 Ponder‚
1239 2933 1612 2995 tenencium
1659 2932 2024 3007 eorundem,
2069 2933 2160 3016 vij
2183 2953 2250 3009 5.,
2296 2934 2470 2999 unde

173 3023 442 3087 nullum
471 3024 833 3107 proficuum
863 3027 1290 3105 perceperunt
1318 3028 1511 3101 prout
1533 3020 1937 3101 juraverunt,
1965 3020 2031 3102 vj
2059 3018 2118 3084 d.

268 3111 486 3174 HEBN.
578 3108 893 3173 Dimissio
936 3109 1163 3191 piscar.
1208 3107 1278 3169 in
1324 3105 1770 3189 Tyne—Will.
1804 3106 2011 3189 Willy
2042 3127 2091 3170 e.
2124 3107 2472 3190 quamdam

173 3198 526 3283 piscariam
572 3203 774 3260 vocat.
822 3194 1146 3278 Pethyair‚
1193 3194 1519 3277 quondam
1580 3194 1652 3256 in
1712 3199 1941 3256 tenura
1985 3193 2165 3258 Will.
2218 3194 2472 3259 Larden

174 3305 329 3370 quae
352 3285 510 3347 Rob.
534 3285 613 3348 de
646 3284 952 3366 Raynton
983 3303 1030 3345 e.
1058 3282 1140 3345 ad
1172 3288 1350 3345 term.
1377 3281 1467 3364 vij
1502 3301 1624 3356 an„
1642 3280 1721 3344 de
1745 3280 1981 3363 quibus
2000 3280 2069 3365 iij
2097 3288 2253 3346 sunt
2275 3282 2472 3367 elap8,

177 3411 206 3422 -
256 3410 285 3421 -
330 3371 412 3435 ad
438 3378 618 3435 term.
650 3370 745 3453 iiij
781 3390 879 3433 an.
928 3405 956 3417 -
1001 3405 1028 3417 ·
1074 3370 1133 3433 si
1183 3368 1277 3431 ita
1306 3368 1393 3431 sit
1414 3368 1587 3451 quod
1618 3368 1811 3450 praed.
1837 3367 1992 3432 Rob.
2018 3367 2211 3452 praed.
2241 3370 2467 3453 piscar.

176 3458 467 3523 noluerit
498 3466 734 3534 tenere,
752 3456 926 3520 redd.
951 3476 1011 3538 p.
1043 3476 1095 3520 a.
1122 3456 1258 3537 xxij
1281 3475 1348 3532 3.,
1371 3455 1544 3538 quod
1575 3453 1716 3541 [sic]
1750 3455 1929 3538 prius
1959 3455 2241 3519 reddidit
2270 3478 2405 3520 xxx
2423 3478 2471 3521 s.

268 3546 695 3609 WERMOUTH.
766 3545 832 3608 N
835 3543 1129 3607 mvi—J
1135 3543 1226 3605 nr'
1251 3548 1645 3626 praesentant
1668 3541 1842 3625 quod
1871 3543 2082 3607 Adam
2119 3543 2472 3619 Halknase,

175 3633 224 3698 ‚J
229 3634 522 3697 ohannes
557 3631 885 3695 Adamson
917 3629 1131 3694 senior
1161 3637 1228 3693 et
1255 3631 1300 3694 J
1305 3630 1402 3692 oh.
1429 3628 1515 3693 fil.
1548 3629 1707 3692 Adae
1730 3629 1952 3711 junior
1982 3638 2049 3693 et
2077 3631 2222 3693 Joh.
2258 3629 2470 3695 Grene

177 3720 270 3784 ffl.
302 3720 439 3783 Rie.
473 3720 809 3784 Greneson
844 3724 1002 3782 sunt
1043 3716 1254 3780 nativi
1284 3716 1998 3798 domini—Injunctum
2030 3721 2129 3780 est
2172 3717 2474 3782 omnibus

178 3815 311 3872 ten.
344 3806 521 3869 villae
551 3806 724 3890 quod
755 3804 926 3879 nulli
955 3804 1180 3869 cetarii
1214 3808 1435 3867 teneat
1465 3802 1607 3886 [sic]
1640 3803 1933 3867 bidentes
1964 3802 2136 3867 ultra
2167 3803 2472 3887 quinque,

174 3895 302 3959 sub
378 3914 526 3957 oena
556 3893 625 3956 xl
643 3892 702 3957 d.

273 3915 633 4046 SSTHWYK.
745 3980 791 4044 J
793 3979 1079 4043 ohannes
1132 3977 1346 4041 Grene
1406 3984 1506 4041 est
1564 3975 1828 4041 nativus
1884 3976 2151 4055 domini,
2196 3984 2263 4042 et
2322 3978 2477 4045 feeit

179 4068 567 4133 fidelitatem
600 4067 812 4150 quoad
842 4067 924 4130 ad
955 4072 1083 4129 nat.
1115 4064 1412 4148 pertinet.

271 4156 736 4219 WYVESTOWE.
825 4154 932 4217 De
978 4153 1117 4217 Ric.
1172 4151 1260 4215 fil.
1313 4149 1479 4215 Adae
1527 4151 1822 4228 Diotson,
1865 4172 1981 4235 pro
2040 4152 2305 4217 cultello
2357 4173 2475 4217 suo

183 4251 479 4310 extracto
522 4243 606 4305 ad
651 4239 1083 4325 percussiend.
1129 4239 1174 4322 ij
1225 4237 1445 4302 famul.
1490 4237 1875 4323 Margaretae
1904 4239 1984 4302 de
2029 4239 2260 4323 Lomly
2293 4240 2393 4323 [xl
2415 4241 2473 4304 d.

180 4333 397 4396 struck
441 4329 578 4412 out]
622 4330 687 4411 vj
710 4349 757 4393 S.
796 4328 910 4411 viij
936 4327 1015 4403 d.‚
1045 4326 1445 4390 condonatus
1488 4345 1698 4408 usque
1740 4326 1786 4409 ij
1808 4327 2048 4390 s.—De
2093 4326 2318 4391 eodem
2363 4347 2478 4410 pro

182 4426 384 4483 trans,
432 4418 606 4480 facta
649 4416 1033 4499 Margaretae
1077 4413 1157 4477 de
1209 4411 1439 4496 Lomly
1479 4413 1853 4476 verberand.
1901 4412 2122 4476 famul.
2170 4416 2273 4476 sui
2319 4413 2480 4496 [sit-J,

181 4512 382 4592 prout
434 4510 837 4586 compertum
885 4509 985 4566 est
1043 4521 1157 4584 per
1207 4499 1351 4582 jur„
1396 4497 1479 4563 ad
1537 4498 1794 4584 dampn.
1842 4498 2048 4582 ipsius
2100 4500 2482 4582 Margaretae

1315 4601 1366 4649 K
