3042 5034
580 435 660 497 74
1096 447 1413 500 HALMOTA
1442 449 1808 501 PRIORATUS
1837 450 2204 500 DUNELMEN
2207 451 2323 501 818.
2671 444 2794 504 136
2803 445 2859 505 8.

574 612 903 672 sentatum
931 612 1034 672 est
1074 607 1251 691 quod
1294 608 1615 674 Robertus
1657 608 1835 673 filius
1879 608 2144 674 Ricardi
2186 609 2383 675 habet
2424 631 2632 676 unum
2678 618 2861 677 tene·

571 699 869 758 mentum
895 714 1177 759 vacuum
1197 696 1423 779 jacens
1451 716 1569 781 per
1596 695 1774 780 quod
1799 696 2163 761 communis
2206 697 2522 763 transitus
2551 698 2632 763 fit
2660 719 2856 783 super

569 778 742 845 blad'
802 781 1312 847 dominicorum:
1378 788 1446 847 et
1495 782 1671 867 quod
1730 783 2048 848 Ricardus
2098 784 2343 848 Person
2391 784 2593 849 habet
2641 806 2858 849 unum

564 867 911 951 gardinum
927 889 1044 953 per
1063 871 1238 953 quod
1259 870 1336 933 fit
1356 869 1719 935 consimilis
1741 870 2105 935 transsitus.
2197 870 2357 936 Ideo
2373 871 2492 935 fiat
2509 892 2847 956 prosessus

569 960 794 1020 contra
822 976 931 1021 eos
960 957 1043 1021 ad
1074 957 1253 1022 Com'
1283 961 1403 1022 etc.

652 1043 1335 1108 Wnsr-Mnmmcron.
1424 1043 1815 1108 ordinatum
1857 1049 1958 1107 est
1985 1043 2055 1106 in
2085 1044 2264 1109 curia
2290 1044 2463 1109 inter
2490 1044 2851 1110 Robertum

563 1128 777 1193 filium
804 1129 1084 1207 Thomae,
1112 1131 1160 1195 J
1161 1130 1485 1195 ohannem
1513 1130 1725 1195 filium
1745 1129 1927 1206 Adae,
1950 1137 2016 1194 et
2038 1130 2386 1215 Hugonem
2408 1131 2654 1197 Patson
2679 1132 2853 1198 inter

567 1236 731 1299 quos
758 1216 843 1281 lis
874 1221 941 1281 et
969 1217 1307 1282 contencio
1335 1217 1763 1283 movebantur
1797 1216 1971 1300 quod
2015 1218 2237 1282 nullus
2266 1238 2491 1281 eorum
2519 1218 2606 1283 de
2633 1225 2848 1284 cetero

564 1302 1071 1386 transgrediatur
1110 1303 1298 1368 alteri
1340 1304 1535 1369 dictis
1577 1304 1685 1369 vel
1727 1303 1934 1380 factis,
1977 1305 2101 1368 sub
2143 1324 2338 1388 poena
2384 1309 2516 1370 40s.
2552 1304 2847 1370 solvend’

566 1408 683 1474 per
709 1389 901 1453 illum
929 1390 1045 1473 qui
1074 1390 1147 1454 in
1176 1390 1456 1456 deffectu
1482 1391 1814 1474 reperitur.

652 1476 1260 1543 EST-MERYNGTON.
1351 1478 1734 1560 Injunctum
1778 1485 1880 1542 est
1914 1476 2310 1562 juratoribus
2353 1478 2531 1561 quod
2572 1479 2852 1544 videant

564 1583 774 1628 unum
801 1564 1124 1648 cotagium
1166 1566 1335 1650 Agn’
1365 1565 1516 1628 fiiiae
1558 1565 1738 1629 Petri
1782 1564 1956 1648 quod
1999 1563 2312 1628 Ricardus
2355 1564 2533 1629 filius
2577 1564 2850 1630 Thomae

565 1655 838 1736 occupat
872 1658 949 1717 ut
993 1656 1208 1717 custos
1253 1652 1460 1735 ipsius
1498 1651 1665 1735 Agn’
1710 1670 1786 1715 eo
1835 1650 2013 1734 quod
2061 1650 2234 1714 infra
2282 1655 2543 1737 aetatem
2590 1651 2727 1717 fuit
2777 1661 2849 1718 et

562 1743 955 1822 praesentent
996 1739 1159 1804 citra
1202 1738 1382 1824 prox'
1433 1736 1491 1803 si
1541 1737 1965 1803 deterioratur
2007 1743 2075 1802 et
2115 1757 2232 1820 per
2273 1758 2470 1821 quam
2515 1759 2850 1804 summam

562 1832 778 1911 potest
819 1827 1191 1892 reaedificari
1234 1830 1351 1891 etc.
1375 1863 1461 1872 —
1484 1824 1874 1889 Ordinatum
1918 1829 2017 1890 est
2059 1843 2140 1889 ex
2185 1824 2515 1888 communi
2565 1845 2848 1891 assensu

561 1913 736 1996 quod
786 1913 1065 1997 quilibet
1115 1933 1336 1978 eorum
1392 1918 1660 1976 teneant
1709 1910 1897 1976 hirsil
1947 1931 2097 1975 cum
2155 1911 2543 1977 omnimodis
2604 1914 2846 1978 averiis

563 2000 716 2064 suis.
740 2036 829 2045 —
849 2001 937 2063 Et
965 1999 1138 2083 quod
1166 1998 1444 2083 quilibet
1470 2005 1697 2083 pascat
1724 2017 2135 2062 communem
2211 1999 2348 2063 orc’.

646 2085 946 2152 DALToN.
1031 2086 1135 2151 De
1162 2086 1457 2152 Elizabet
1498 2085 1581 2151 de
1625 2083 1979 2150 Cleueland
2020 2104 2136 2168 pro
2163 2018 2339 2167 Ryr:
2382 2083 2548 2169 pleg'
2594 2085 2848 2151 Rober-

557 2177 668 2236 tus
725 2171 1079 2256 Langbayn
1136 2173 1291 2256 quia
1348 2193 1493 2238 eam
1563 2171 1926 2255 inhospitat
1995 2170 2445 2254 respondebit:
2509 2171 2614 2236 od„
2733 2172 2846 2237 De

557 2257 854 2323 Elizabet
910 2258 1148 2322 ancilla
1203 2258 1367 2322 Adae
1425 2259 1506 2322 de
1565 2257 1883 2323 Hesilden
1942 2277 2057 2341 pro
2115 2256 2379 2321 eodem:
2438 2257 2604 2342 pleg.
2654 2258 2843 2325 idem

555 2343 772 2408 Adam
799 2344 956 2430 quia
998 2364 1141 2409 eam
1183 2344 1549 2429 inhospitat
1589 2344 2041 2429 respondebit:
2073 2344 2174 2410 6d.
2196 2380 2284 2391 --
2305 2344 2629 2410 Robertus
2659 2346 2845 2412 filius

555 2430 815 2495 Matild’
858 2431 1043 2496 venit
1091 2430 1199 2495 hic
1249 2431 1321 2495 in
1372 2433 1504 2496 cur’
1552 2437 1619 2497 et
1669 2431 1844 2516 cepit
1884 2430 2302 2496 medietatem
2345 2431 2544 2496 unius
2595 2435 2844 2518 cotagii

554 2518 730 2602 quod
773 2517 1089 2583 dividitur
1128 2518 1201 2582 in
1245 2517 1407 2583 duas
1450 2525 1669 2604 partes
1711 2538 1912 2603 quam
1939 2517 2198 2583 Matild’
2227 2518 2628 2602 Fayertwyff
2651 2522 2840 2603 prius

548 2606 770 2670 tenuit
812 2611 880 2670 et
928 2626 1126 2690 quam
1175 2606 1510 2671 «Iohannes
1563 2606 1796 2672 Gilson
1845 2605 2081 2670 ultimo
2129 2603 2378 2669 tenuit:
2433 2604 2714 2671 habend'
2771 2613 2843 2672 et

552 2694 687 2758 ten’
731 2692 814 2758 ad
856 2698 1038 2758 term.
1068 2693 1222 2758 vitae
1264 2713 1439 2757 suae:
1481 2693 1656 2758 redd.
1703 2691 2043 2775 antiquam
2084 2691 2376 2756 firmam:
2420 2698 2488 2756 et
2531 2692 2842 2759 faciendo

551 2781 835 2845 Domino
866 2786 933 2846 et
959 2781 1194 2845 vicinis
1215 2800 1361 2864 quse
1389 2779 1796 2844 incumbunt.
1873 2778 2045 2863 Pleg.
2077 2816 2105 2828 -
2136 2815 2162 2826 -
2191 2779 2281 2842 Et
2306 2778 2484 2842 idem
2507 2779 2837 2845 Robertus

552 2867 1978 3039 ffiffifflssmdssnfi‘ffssnffflssrffiffl
2006 2864 2621 3017 Jsshffiffioeffffi
2663 2886 2841 3018 5123

547 3042 779 3107 tenuit.
865 3042 954 3105 Et
980 3041 1362 3126 praedictum
1405 3040 1731 3124 cotagium
1774 3039 2144 3122 sumptibus
2173 3039 2309 3103 suis
2336 3039 2615 3122 propriis
2645 3059 2837 3123 repa-

550 3129 723 3192 rabit
751 3135 819 3194 et
845 3128 1294 3193 manutenebit
1324 3129 1398 3192 'eo
1427 3148 1558 3211 quo
1587 3127 1779 3191 modo
1807 3131 2168 3212 prostratur
2195 3125 2267 3189 in
2293 3125 2575 3191 deffectu
2614 3127 2834 3210 ipsius

552 3214 822 3278 Roberti
875 3234 993 3297 pro
1053 3234 1128 3279 eo
1187 3214 1362 3298 quod
1418 3213 1595 3279 idem
1644 3213 1966 3278 Robertus
2022 3217 2102 3277 ut
2150 3217 2458 3278 executor
2503 3213 2837 3297 praedictae

549 3299 808 3364 Matild’
851 3299 1049 3364 habet
1088 3301 1162 3364 in
1205 3321 1404 3365 manu
1448 3321 1568 3366 sua
1601 3302 1637 3366 7
1641 3321 1689 3365 s.
1735 3300 1815 3365 de
1860 3299 2121 3384 dampn’
2163 3299 2511 3383 adjudicat’
2545 3319 2663 3384 per
2698 3300 2834 3383 jur‘

549 3387 710 3451 dum
735 3386 868 3451 fuit
894 3386 968 3450 in
993 3392 1225 3451 tenura
1250 3388 1577 3471 praedictae
1606 3386 1881 3463 Matild’,
1904 3407 2065 3470 quos
2093 3385 2434 3470 praedictos
2460 3388 2496 3452 7
2502 3406 2551 3452 s.
2573 3387 2833 3453 solvere

547 3472 830 3540 noluerit
870 3479 1159 3558 tempore
1202 3473 1422 3539 debito
1472 3474 1782 3559 praedicto
1825 3473 2116 3540 Johanni
2159 3472 2390 3539 Gilson
2441 3472 2525 3537 ad
2573 3492 2836 3558 repara-

545 3562 803 3715 ciclilnem
830 3561 1123 3647 praedicti
1150 3561 1403 3646 cotagii.
1492 3561 1696 3648 [Here
1739 3562 1817 3626 in
1857 3561 2034 3625 dorso
2075 3561 2135 3625 is
2161 3559 2276 3625 the
2308 3564 2580 3644 rupture
2606 3559 2682 3624 of
2708 3560 2833 3626 the

542 3671 616 3715 ro
671 3701 685 3715 .

632 3648 1019 3802 Hizsmm.
1105 3736 1210 3801 De
1256 3733 1500 3800 Cecilia
1551 3733 1792 3816 Oubry,
1846 3732 2089 3798 Cecilia
2131 3732 2212 3798 de
2255 3732 2442 3811 Hert,
2493 3753 2610 3817 pro
2660 3732 2829 3817 leyr,

540 3823 716 3889 unde
759 3824 1082 3889 Robertus
1124 3822 1443 3886 firmarius
1486 3820 1924 3905 respondebit,
1965 3820 2122 3904 quia
2164 3840 2309 3885 eam
2350 3820 2714 3905 hospitavit
2757 3829 2830 3887 et

543 3911 971 3994 praemunitus
1021 3909 1150 3974 fuit
1198 3929 1314 3993 per
1362 3908 1802 3993 praepositum,
1851 3907 1933 3972 de
1989 3907 2196 3972 altera
2251 3926 2473 3971 earum
2528 3906 2628 3973 sd.
2718 3908 2827 3974 De

546 3997 916 4079 Margareta
944 3995 1224 4062 Caluerd
1250 4016 1367 4079 pro
1390 3994 1617 4061 eodem
1646 4014 1792 4059 cum
1825 3993 2157 4078 capellano
2192 3999 2221 4057 1
2235 3993 2334 4058 2d.
2407 3994 2511 4058 De
2539 3993 2829 4060 Mat-iota

541 4084 625 4149 de
676 4082 939 4147 Marton
987 4101 1104 4165 pro
1153 4081 1379 4147 eodem
1432 4082 1533 4147 fid.
1556 4113 1645 4128 —
1665 4081 1769 4146 De
1826 4081 2101 4146 Ricardo
2151 4080 2427 4145 Watson
2476 4080 2635 4164 quia
2685 4101 2824 4147 non

541 4169 869 4257 reparavit
910 4188 1110 4232 unam
1167 4187 1486 4234 cameram
1542 4189 1623 4233 ex
1681 4172 1866 4252 parte
1912 4167 2158 4233 boreali
2205 4171 2400 4251 prout
2448 4166 2827 4251 injunctum

541 4260 689 4337 sibi,
718 4257 798 4322 de
826 4254 1262 4320 misericordia
1293 4255 1393 4320 od.
1481 4257 1865 4340 Injunctum
1893 4262 1997 4320 est
2021 4253 2371 4339 praeposito
2401 4259 2468 4319 et
2488 4254 2616 4338 jur'
2646 4256 2826 4339 quod

541 4344 826 4430 reparari
868 4341 1114 4405 faciant
1155 4341 1533 4424 praedictam
1582 4361 1903 4406 cameram
1955 4346 2023 4406 et
2064 4343 2270 4406 eciam
2318 4339 2483 4405 duas
2523 4343 2827 4427 grangias

541 4452 718 4497 nunc
761 4431 1110 4514 prostratas
1151 4427 1224 4490 in
1264 4433 1497 4491 tenura
1540 4426 1832 4510 praedicti
1882 4427 2144 4492 Ricardi
2193 4427 2276 4491 ad
2320 4427 2565 4511 custag’
2611 4428 2825 4512 ipsius

545 4515 808 4584 Ricardi
836 4516 998 4580 citra
1025 4513 1264 4578 festum
1296 4513 1356 4577 S.
1389 4513 1731 4578 Michaelis
1773 4515 1951 4596 prox’
1982 4533 2261 4597 sequeus
2306 4514 2431 4579 sub
2458 4534 2657 4598 poena
2690 4520 2826 4582 203.
